price,volume,time,timestamp,type,order_type,trade_id
103901.6,9.624e-05,2025-05-13 17:27:43,1747157263.5608335,buy,market,83019023
103901.6,0.00034013,2025-05-13 17:27:43,1747157263.5608335,buy,market,83019024
103901.5,0.09865113,2025-05-13 17:27:52,1747157272.8345919,sell,limit,83019025
103901.5,0.003693,2025-05-13 17:27:58,1747157278.417489,sell,market,83019026
103901.6,0.00309909,2025-05-13 17:27:59,1747157279.2341702,buy,market,83019027
103901.5,0.00543197,2025-05-13 17:28:01,1747157281.7182612,sell,limit,83019030
103901.5,0.00469,2025-05-13 17:28:01,1747157281.7182612,sell,limit,83019032
103901.5,0.0003,2025-05-13 17:28:01,1747157281.7182612,sell,limit,83019031
103901.5,0.08618593,2025-05-13 17:28:01,1747157281.7182612,sell,limit,83019028
103901.5,0.00463,2025-05-13 17:28:01,1747157281.7182612,sell,limit,83019029
103901.5,0.00510598,2025-05-13 17:28:01,1747157281.7182612,sell,limit,83019033
103901.5,0.62885315,2025-05-13 17:28:01,1747157281.7182612,sell,limit,83019034
103901.5,0.33359686,2025-05-13 17:28:01,1747157281.7213109,sell,limit,83019035
103901.5,0.001,2025-05-13 17:28:01,1747157281.721311,sell,limit,83019036
103901.5,0.05,2025-05-13 17:28:01,1747157281.721311,sell,limit,83019039
103901.5,0.0001,2025-05-13 17:28:01,1747157281.721311,sell,limit,83019038
103901.5,0.0001,2025-05-13 17:28:01,1747157281.721311,sell,limit,83019037
103901.5,0.00166839,2025-05-13 17:28:02,1747157282.7251794,buy,market,83019040
103901.5,0.11423724,2025-05-13 17:28:08,1747157288.8060956,buy,market,83019043
103901.5,0.01650611,2025-05-13 17:28:08,1747157288.8060956,buy,market,83019042
103901.5,0.0428791,2025-05-13 17:28:08,1747157288.8060956,buy,market,83019041
103901.5,0.01,2025-05-13 17:28:12,1747157292.9624147,buy,market,83019044
103901.4,9.624e-05,2025-05-13 17:28:27,1747157307.3190417,sell,market,83019045
103901.4,0.00240612,2025-05-13 17:28:27,1747157307.3190417,sell,market,83019046
103901.4,0.00162339,2025-05-13 17:28:27,1747157307.3190417,sell,market,83019047
103901.5,0.01444559,2025-05-13 17:28:35,1747157315.4757342,buy,market,83019048
103901.4,0.0001,2025-05-13 17:28:38,1747157318.322498,sell,limit,83019050
103901.4,0.00655744,2025-05-13 17:28:38,1747157318.322498,sell,limit,83019049
103901.4,0.0001,2025-05-13 17:28:38,1747157318.322498,sell,limit,83019051
103901.4,0.00094256,2025-05-13 17:28:38,1747157318.322498,sell,limit,83019052
103901.4,5.744e-05,2025-05-13 17:28:38,1747157318.3233938,sell,limit,83019053
103884.1,9.626e-05,2025-05-13 17:28:38,1747157318.3527262,sell,limit,83019055
103895.0,5.053e-05,2025-05-13 17:28:38,1747157318.3527262,sell,limit,83019054
103884.0,5.053e-05,2025-05-13 17:28:38,1747157318.3919444,sell,limit,83019056
103873.1,0.04336792,2025-05-13 17:28:48,1747157328.2296355,buy,market,83019057
103873.0,0.0001,2025-05-13 17:28:49,1747157329.2887547,sell,limit,83019061
103873.0,0.001,2025-05-13 17:28:49,1747157329.2887547,sell,limit,83019060
103873.0,5.054e-05,2025-05-13 17:28:49,1747157329.2887547,sell,limit,83019058
103873.0,0.0001,2025-05-13 17:28:49,1747157329.2887547,sell,limit,83019059
103862.1,0.00022363,2025-05-13 17:28:56,1747157336.2897003,buy,limit,83019062
103862.1,0.00096477,2025-05-13 17:29:02,1747157342.6066616,buy,market,83019063
103862.1,0.10843064,2025-05-13 17:29:08,1747157348.8322518,buy,market,83019064
103862.1,0.15653727,2025-05-13 17:29:09,1747157349.3726962,buy,market,83019065
103862.1,2.213e-05,2025-05-13 17:29:11,1747157351.3881953,buy,limit,83019066
103862.1,0.14193835,2025-05-13 17:29:15,1747157355.163933,buy,limit,83019067
103862.1,0.00038113,2025-05-13 17:29:15,1747157355.2113776,buy,limit,83019068
103862.1,0.00071569,2025-05-13 17:29:16,1747157356.1325266,buy,market,83019069
103862.1,0.00270997,2025-05-13 17:29:21,1747157361.971173,buy,limit,83019070
103862.1,0.00046967,2025-05-13 17:29:25,1747157365.6121747,buy,limit,83019071
103862.1,0.00018972,2025-05-13 17:29:31,1747157371.0354261,buy,limit,83019072
103862.1,0.01,2025-05-13 17:29:36,1747157376.6181846,buy,market,83019073
103862.1,0.01650611,2025-05-13 17:29:42,1747157382.9047112,buy,limit,83019074
103862.1,9.628e-05,2025-05-13 17:29:42,1747157382.9047112,buy,limit,83019075
103862.1,0.00238151,2025-05-13 17:29:42,1747157382.9047112,buy,limit,83019076
103862.0,5.054e-05,2025-05-13 17:29:44,1747157384.7231345,sell,limit,83019077
103862.0,0.0001,2025-05-13 17:29:44,1747157384.7231345,sell,limit,83019078
103862.0,0.00171031,2025-05-13 17:29:44,1747157384.7231348,sell,limit,83019081
103862.0,0.001,2025-05-13 17:29:44,1747157384.7231348,sell,limit,83019080
103862.0,0.0001,2025-05-13 17:29:44,1747157384.7231348,sell,limit,83019079
103862.1,0.00013594,2025-05-13 17:29:45,1747157385.3973022,buy,limit,83019082
103862.1,0.00228012,2025-05-13 17:29:51,1747157391.0546572,buy,limit,83019083
103862.1,0.0011055,2025-05-13 17:29:58,1747157398.5224378,buy,market,83019084
103862.1,4.801e-05,2025-05-13 17:30:02,1747157402.4509509,buy,limit,83019085
103862.1,0.00071646,2025-05-13 17:30:04,1747157404.1071122,buy,market,83019086
103862.1,0.00045409,2025-05-13 17:30:15,1747157415.941714,buy,limit,83019087
103862.1,8.888e-05,2025-05-13 17:30:24,1747157424.4706063,buy,limit,83019088
103862.1,8.802e-05,2025-05-13 17:30:24,1747157424.5244148,buy,limit,83019089
103862.1,0.00569348,2025-05-13 17:30:25,1747157425.6666527,buy,limit,83019090
103862.0,0.0001,2025-05-13 17:30:26,1747157426.0772226,sell,limit,83019092
103862.0,3.099e-05,2025-05-13 17:30:26,1747157426.0772226,sell,limit,83019093
103862.0,0.0001,2025-05-13 17:30:26,1747157426.0772226,sell,limit,83019091
103862.1,0.00038415,2025-05-13 17:30:26,1747157426.6864326,buy,limit,83019094
103862.0,0.0007971,2025-05-13 17:30:31,1747157431.1121101,sell,limit,83019095
103862.1,6.316e-05,2025-05-13 17:30:31,1747157431.628311,buy,market,83019096
103862.1,0.01084693,2025-05-13 17:30:36,1747157436.2745576,buy,limit,83019097
103862.1,9.628e-05,2025-05-13 17:30:38,1747157438.5892775,buy,limit,83019099
103862.1,0.00915307,2025-05-13 17:30:38,1747157438.5892775,buy,limit,83019098
103862.1,0.00365065,2025-05-13 17:30:38,1747157438.5892775,buy,limit,83019100
103872.3,0.00044297,2025-05-13 17:30:44,1747157444.0167034,buy,market,83019103
103862.1,0.01285546,2025-05-13 17:30:44,1747157444.0167034,buy,market,83019101
103862.1,0.00192,2025-05-13 17:30:44,1747157444.0167034,buy,market,83019102
103880.8,1.03873475,2025-05-13 17:30:44,1747157444.0167034,buy,market,83019106
103880.7,9.628e-05,2025-05-13 17:30:44,1747157444.0167034,buy,market,83019105
103873.1,5.054e-05,2025-05-13 17:30:44,1747157444.0167034,buy,market,83019104
103881.7,4.697e-05,2025-05-13 17:30:44,1747157444.5298476,buy,limit,83019107
103881.7,0.00155243,2025-05-13 17:30:50,1747157450.58028,buy,limit,83019108
103881.7,0.00187866,2025-05-13 17:30:50,1747157450.9237251,buy,limit,83019109
103881.7,0.00164352,2025-05-13 17:31:01,1747157461.9725437,buy,limit,83019110
103881.7,0.00069821,2025-05-13 17:31:04,1747157464.0035748,buy,market,83019111
103881.7,0.00288735,2025-05-13 17:31:04,1747157464.2060316,buy,limit,83019112
103881.7,0.00722459,2025-05-13 17:31:06,1747157466.114023,buy,market,83019113
103881.7,0.00470516,2025-05-13 17:31:09,1747157469.0801265,buy,limit,83019114
103881.7,0.00234789,2025-05-13 17:31:11,1747157471.733877,buy,limit,83019115
103881.6,8.755e-05,2025-05-13 17:31:23,1747157483.4654663,sell,limit,83019116
103881.6,1.245e-05,2025-05-13 17:31:25,1747157485.5074909,sell,limit,83019117
103881.6,0.0002865,2025-05-13 17:31:25,1747157485.5074909,sell,limit,83019119
103881.6,0.0001,2025-05-13 17:31:25,1747157485.5074909,sell,limit,83019118
103881.6,0.0001,2025-05-13 17:31:28,1747157488.8914618,sell,limit,83019121
103866.9,0.01773352,2025-05-13 17:31:28,1747157488.8914618,sell,limit,83019122
103881.6,0.0001,2025-05-13 17:31:28,1747157488.8914618,sell,limit,83019120
103867.0,1.529e-05,2025-05-13 17:31:36,1747157496.8453863,buy,limit,83019123
103867.0,8.801e-05,2025-05-13 17:31:44,1747157504.9192166,buy,limit,83019124
103867.0,9.39e-06,2025-05-13 17:31:51,1747157511.6798592,buy,limit,83019125
103866.9,0.0001,2025-05-13 17:31:54,1747157514.3937995,sell,market,83019127
103862.0,0.00168735,2025-05-13 17:31:54,1747157514.3937995,sell,market,83019129
103866.9,0.0001,2025-05-13 17:31:54,1747157514.3937995,sell,market,83019128
103866.9,0.001,2025-05-13 17:31:54,1747157514.3937995,sell,market,83019126
103862.1,0.00187858,2025-05-13 17:31:54,1747157514.9106295,buy,limit,83019130
103862.1,0.00096277,2025-05-13 17:31:59,1747157519.7069488,buy,limit,83019131
103862.1,0.00884633,2025-05-13 17:32:01,1747157521.6303737,buy,market,83019132
103862.1,0.00235745,2025-05-13 17:32:04,1747157524.4929483,buy,market,83019134
103862.1,9.628e-05,2025-05-13 17:32:04,1747157524.4929483,buy,market,83019133
103862.1,0.00028458,2025-05-13 17:32:05,1747157525.3959754,buy,limit,83019135
103862.1,9.58e-05,2025-05-13 17:32:15,1747157535.633987,buy,limit,83019136
103862.0,0.00966684,2025-05-13 17:32:24,1747157544.1377056,sell,market,83019137
103862.0,0.01527155,2025-05-13 17:32:24,1747157544.3776116,sell,limit,83019138
103862.0,9.89e-06,2025-05-13 17:32:33,1747157553.4190989,sell,limit,83019139
103862.1,0.06794704,2025-05-13 17:32:40,1747157560.1017263,buy,limit,83019141
103862.1,0.02601456,2025-05-13 17:32:40,1747157560.1017263,buy,limit,83019140
103862.1,3.757e-05,2025-05-13 17:32:43,1747157563.0989518,buy,limit,83019142
103862.1,0.00027794,2025-05-13 17:32:48,1747157568.333485,buy,limit,83019143
103862.1,0.0001024,2025-05-13 17:33:01,1747157581.4835932,buy,limit,83019145
103862.1,0.00018075,2025-05-13 17:33:01,1747157581.4835932,buy,limit,83019146
103862.1,9.628e-05,2025-05-13 17:33:01,1747157581.4835932,buy,limit,83019144
103862.1,0.00018787,2025-05-13 17:33:01,1747157581.769223,buy,limit,83019147
103862.1,0.0304603,2025-05-13 17:33:03,1747157583.7495096,buy,limit,83019149
103862.1,0.01613749,2025-05-13 17:33:03,1747157583.7495096,buy,limit,83019148
103862.0,0.02888448,2025-05-13 17:33:12,1747157592.4239352,sell,market,83019150
103862.0,0.00482811,2025-05-13 17:33:15,1747157595.3047209,sell,market,83019151
103862.1,0.03738615,2025-05-13 17:33:25,1747157605.4221058,buy,limit,83019152
103862.1,0.00047429,2025-05-13 17:33:36,1747157616.0365133,buy,limit,83019153
103862.1,0.00413306,2025-05-13 17:33:50,1747157630.5347981,buy,limit,83019154
103862.1,0.00462785,2025-05-13 17:33:54,1747157634.860033,buy,market,83019155
103862.1,0.00045409,2025-05-13 17:33:55,1747157635.9323997,buy,limit,83019156
103862.1,0.00451819,2025-05-13 17:33:56,1747157636.4383278,buy,limit,83019157
103862.1,0.0015321,2025-05-13 17:34:01,1747157641.1965466,buy,market,83019158
103862.0,0.00011493,2025-05-13 17:34:02,1747157642.463639,sell,market,83019159
103862.1,0.00018972,2025-05-13 17:34:05,1747157645.2703133,buy,limit,83019160
103862.0,0.00019615,2025-05-13 17:34:05,1747157645.7528841,sell,limit,83019161
103862.0,9.628e-05,2025-05-13 17:34:13,1747157653.3891375,sell,market,83019162
103862.0,0.000583,2025-05-13 17:34:17,1747157657.2548697,sell,limit,83019163
103862.1,0.00270528,2025-05-13 17:34:26,1747157666.7799063,buy,limit,83019164
103862.1,0.00365968,2025-05-13 17:34:26,1747157666.9436505,buy,limit,83019165
103862.1,8.888e-05,2025-05-13 17:34:30,1747157670.4630003,buy,limit,83019166
103862.0,0.000302,2025-05-13 17:34:42,1747157682.4557135,sell,limit,83019167
103862.1,0.01071339,2025-05-13 17:34:45,1747157685.7507668,buy,limit,83019168
103862.0,0.037766,2025-05-13 17:34:52,1747157692.6474915,sell,market,83019169
103862.1,9.37e-06,2025-05-13 17:34:53,1747157693.871874,buy,limit,83019170
103862.1,0.0021488,2025-05-13 17:35:02,1747157702.7475913,buy,limit,83019171
103862.1,0.0010087,2025-05-13 17:35:03,1747157703.3226829,buy,market,83019172
103862.1,9.628e-05,2025-05-13 17:35:05,1747157705.0011222,buy,market,83019173
103862.1,0.00428015,2025-05-13 17:35:05,1747157705.0011222,buy,market,83019174
103862.0,0.00011553,2025-05-13 17:35:06,1747157706.7050576,sell,market,83019175
103862.1,0.05714681,2025-05-13 17:35:11,1747157711.4050617,buy,limit,83019178
103862.1,0.01171985,2025-05-13 17:35:11,1747157711.4050617,buy,limit,83019176
103862.1,0.01650611,2025-05-13 17:35:11,1747157711.4050617,buy,limit,83019177
103862.1,0.00027419,2025-05-13 17:35:13,1747157713.612132,buy,limit,83019179
103862.0,0.000227,2025-05-13 17:35:13,1747157713.9615276,sell,limit,83019180
103862.0,0.012392,2025-05-13 17:35:14,1747157714.2369764,sell,market,83019181
103862.1,0.00559516,2025-05-13 17:35:16,1747157716.6650753,buy,market,83019182
103862.0,0.000192,2025-05-13 17:35:18,1747157718.738033,sell,limit,83019183
103862.1,0.00091064,2025-05-13 17:35:25,1747157725.3500247,buy,limit,83019184
103862.0,0.00342955,2025-05-13 17:35:30,1747157730.3551753,sell,limit,83019185
103862.0,0.000481,2025-05-13 17:35:32,1747157732.4607213,sell,limit,83019186
103862.1,0.0129,2025-05-13 17:35:38,1747157738.5990963,buy,limit,83019187
103874.5,0.00031769,2025-05-13 17:35:46,1747157746.3993587,buy,market,83019188
103874.5,0.0129,2025-05-13 17:35:50,1747157750.5318449,buy,limit,83019189
103874.4,0.0001,2025-05-13 17:35:51,1747157751.0755613,sell,limit,83019191
103874.4,0.00549924,2025-05-13 17:35:51,1747157751.0755613,sell,limit,83019190
103874.4,0.0001,2025-05-13 17:35:51,1747157751.0755613,sell,limit,83019192
103874.4,0.001,2025-05-13 17:35:51,1747157751.0755613,sell,limit,83019193
103862.0,0.71705168,2025-05-13 17:35:51,1747157751.0755613,sell,limit,83019194
103862.0,0.00010294,2025-05-13 17:35:51,1747157751.1750813,sell,limit,83019195
103862.1,9.49e-06,2025-05-13 17:35:53,1747157753.0419755,buy,limit,83019196
103862.0,0.00021095,2025-05-13 17:35:54,1747157754.231764,sell,limit,83019197
103862.0,0.00763554,2025-05-13 17:35:56,1747157756.8531168,sell,market,83019198
103862.0,0.07238219,2025-05-13 17:35:56,1747157756.9062433,sell,limit,83019199
103862.0,9.629e-05,2025-05-13 17:35:56,1747157756.9342964,sell,limit,83019200
103862.0,0.001,2025-05-13 17:35:57,1747157757.13278,sell,limit,83019201
103862.0,0.001,2025-05-13 17:35:57,1747157757.1329503,sell,limit,83019202
103862.0,0.001,2025-05-13 17:35:57,1747157757.1387677,sell,limit,83019203
103862.0,9.629e-05,2025-05-13 17:35:57,1747157757.1398158,sell,limit,83019204
103862.0,0.001,2025-05-13 17:35:57,1747157757.140766,sell,limit,83019205
103862.0,5.054e-05,2025-05-13 17:35:57,1747157757.1711648,sell,limit,83019207
103862.0,0.04404324,2025-05-13 17:35:57,1747157757.1711648,sell,limit,83019206
103862.0,0.00011457,2025-05-13 17:35:57,1747157757.1711648,sell,limit,83019208
103862.0,0.00096281,2025-05-13 17:35:57,1747157757.1711648,sell,limit,83019209
103862.0,0.0001,2025-05-13 17:35:57,1747157757.1711648,sell,limit,83019210
103862.0,0.0001,2025-05-13 17:35:57,1747157757.1711648,sell,limit,83019211
103862.0,0.001,2025-05-13 17:35:57,1747157757.1711648,sell,limit,83019212
103851.0,5.055e-05,2025-05-13 17:35:57,1747157757.1711648,sell,limit,83019213
103850.0,0.19797829,2025-05-13 17:35:57,1747157757.1711648,sell,limit,83019214
103850.0,0.06202171,2025-05-13 17:35:57,1747157757.1717873,sell,limit,83019215
103840.0,5.055e-05,2025-05-13 17:35:57,1747157757.2060688,sell,limit,83019216
103829.0,5.056e-05,2025-05-13 17:35:57,1747157757.2060688,sell,limit,83019217
103826.1,0.00076747,2025-05-13 17:36:01,1747157761.6015253,buy,market,83019218
103826.1,0.00035911,2025-05-13 17:36:01,1747157761.7810082,buy,market,83019219
103826.1,0.00031784,2025-05-13 17:36:03,1747157763.6133726,buy,market,83019220
103826.0,0.00454546,2025-05-13 17:36:08,1747157768.1224205,sell,limit,83019221
103826.1,0.00090175,2025-05-13 17:36:12,1747157772.1256561,buy,limit,83019222
103826.0,0.00079677,2025-05-13 17:36:15,1747157775.3481433,sell,limit,83019223
103826.0,0.0001,2025-05-13 17:36:15,1747157775.6713953,sell,limit,83019225
103826.0,0.0001,2025-05-13 17:36:15,1747157775.6713953,sell,limit,83019226
103826.0,0.001,2025-05-13 17:36:15,1747157775.6713953,sell,limit,83019227
103826.0,0.00066777,2025-05-13 17:36:15,1747157775.6713953,sell,limit,83019224
103826.0,0.00032884,2025-05-13 17:36:15,1747157775.6713953,sell,limit,83019228
103826.0,0.00079836,2025-05-13 17:36:15,1747157775.9428492,sell,limit,83019229
103826.0,0.00079995,2025-05-13 17:36:16,1747157776.0257764,sell,limit,83019230
103826.0,0.0003054,2025-05-13 17:36:16,1747157776.0386224,sell,limit,83019231
103826.0,0.00080216,2025-05-13 17:36:16,1747157776.0502496,sell,limit,83019232
103826.0,0.00080378,2025-05-13 17:36:16,1747157776.0609884,sell,limit,83019233
103826.0,0.00080538,2025-05-13 17:36:16,1747157776.0703824,sell,limit,83019234
103826.0,0.00080699,2025-05-13 17:36:16,1747157776.080391,sell,limit,83019235
103826.0,0.00080859,2025-05-13 17:36:16,1747157776.0904388,sell,limit,83019236
103826.0,0.0008102,2025-05-13 17:36:16,1747157776.1021707,sell,limit,83019237
103826.0,0.00029515,2025-05-13 17:36:16,1747157776.11407,sell,limit,83019238
103826.0,0.00081242,2025-05-13 17:36:16,1747157776.1234555,sell,limit,83019239
103826.0,0.00081406,2025-05-13 17:36:16,1747157776.134558,sell,limit,83019240
103826.0,0.00081568,2025-05-13 17:36:16,1747157776.1448865,sell,limit,83019241
103826.0,0.00028968,2025-05-13 17:36:16,1747157776.1557462,sell,limit,83019242
103826.0,0.00081789,2025-05-13 17:36:16,1747157776.171761,sell,limit,83019243
103826.0,0.00081952,2025-05-13 17:36:16,1747157776.195793,sell,limit,83019244
103826.0,0.00082117,2025-05-13 17:36:16,1747157776.2093618,sell,limit,83019245
103826.0,0.00082281,2025-05-13 17:36:16,1747157776.2198498,sell,limit,83019246
103826.0,0.00082445,2025-05-13 17:36:16,1747157776.2288454,sell,limit,83019247
103826.0,0.00082611,2025-05-13 17:36:16,1747157776.237916,sell,limit,83019248
103826.0,0.00082776,2025-05-13 17:36:16,1747157776.247036,sell,limit,83019249
103826.1,0.0015781,2025-05-13 17:36:20,1747157780.748681,buy,limit,83019250
103826.0,0.007155,2025-05-13 17:36:20,1747157780.842582,sell,market,83019251
103826.0,0.00010881,2025-05-13 17:36:22,1747157782.8538792,sell,limit,83019252
103826.0,0.00031105,2025-05-13 17:36:22,1747157782.8574808,sell,limit,83019253
103826.0,4.86e-06,2025-05-13 17:36:22,1747157782.8716803,sell,limit,83019257
103826.0,0.00023107,2025-05-13 17:36:22,1747157782.8716803,sell,limit,83019254
103826.0,0.0001,2025-05-13 17:36:22,1747157782.8716803,sell,limit,83019256
103826.0,0.0001,2025-05-13 17:36:22,1747157782.8716803,sell,limit,83019255
103826.0,0.00032187,2025-05-13 17:36:22,1747157782.8876817,sell,limit,83019258
103826.0,0.00067327,2025-05-13 17:36:22,1747157782.9903789,sell,limit,83019259
103818.0,5.056e-05,2025-05-13 17:36:23,1747157783.775882,sell,market,83019260
103801.6,0.00989887,2025-05-13 17:36:23,1747157783.775882,sell,market,83019262
103807.0,5.057e-05,2025-05-13 17:36:23,1747157783.775882,sell,market,83019261
103801.6,0.0001,2025-05-13 17:36:24,1747157784.833381,sell,limit,83019265
103801.6,0.00010113,2025-05-13 17:36:24,1747157784.833381,sell,limit,83019263
103801.6,0.0001,2025-05-13 17:36:24,1747157784.833381,sell,limit,83019264
103800.5,0.00080423,2025-05-13 17:36:24,1747157784.842844,sell,limit,83019266
103800.5,0.00083297,2025-05-13 17:36:27,1747157787.7498493,sell,limit,83019267
103800.5,0.00083463,2025-05-13 17:36:27,1747157787.7619994,sell,limit,83019268
103800.5,0.00083631,2025-05-13 17:36:27,1747157787.7709992,sell,limit,83019269
103800.5,0.00024721,2025-05-13 17:36:27,1747157787.779706,sell,limit,83019270
103800.5,0.00039181,2025-05-13 17:36:27,1747157787.7892427,sell,limit,83019271
103800.6,0.00031792,2025-05-13 17:36:30,1747157790.9748158,buy,market,83019272
103800.6,9.491e-05,2025-05-13 17:36:45,1747157805.5757532,buy,limit,83019273
103800.6,0.00090229,2025-05-13 17:36:49,1747157809.9427633,buy,limit,83019274
103800.5,0.00568284,2025-05-13 17:36:59,1747157819.1978037,sell,limit,83019275
103800.5,0.02906902,2025-05-13 17:36:59,1747157819.197804,sell,limit,83019282
103800.5,0.009,2025-05-13 17:36:59,1747157819.197804,sell,limit,83019278
103800.5,0.00314,2025-05-13 17:36:59,1747157819.197804,sell,limit,83019281
103800.5,0.0001,2025-05-13 17:36:59,1747157819.197804,sell,limit,83019277
103800.5,0.0001,2025-05-13 17:36:59,1747157819.197804,sell,limit,83019276
103800.5,0.001,2025-05-13 17:36:59,1747157819.197804,sell,limit,83019279
103800.5,0.0008,2025-05-13 17:36:59,1747157819.197804,sell,limit,83019280
103800.6,0.00153684,2025-05-13 17:37:08,1747157828.6036553,buy,limit,83019283
103800.6,0.01397207,2025-05-13 17:37:08,1747157828.6614928,buy,limit,83019284
103818.0,0.00010785,2025-05-13 17:37:18,1747157838.0612228,buy,market,83019286
103818.0,5.057e-05,2025-05-13 17:37:18,1747157838.0612228,buy,market,83019285
103818.0,0.00042793,2025-05-13 17:37:19,1747157839.1463017,buy,limit,83019287
103817.9,0.000177,2025-05-13 17:37:19,1747157839.6898313,sell,market,83019288
103817.9,0.00038529,2025-05-13 17:37:24,1747157844.7261925,sell,market,83019289
103817.9,0.00038599,2025-05-13 17:37:25,1747157845.6711926,sell,limit,83019290
103818.0,0.0159,2025-05-13 17:37:26,1747157846.5208302,buy,limit,83019291
103828.9,5.056e-05,2025-05-13 17:37:26,1747157846.5328038,buy,limit,83019293
103818.0,7.033e-05,2025-05-13 17:37:26,1747157846.5328038,buy,limit,83019292
103840.1,5.056e-05,2025-05-13 17:37:26,1747157846.55638,buy,limit,83019294
103908.7,0.51812532,2025-05-13 17:37:28,1747157848.281428,buy,limit,83019302
103906.3,0.317331,2025-05-13 17:37:28,1747157848.281428,buy,limit,83019301
103851.0,5.055e-05,2025-05-13 17:37:28,1747157848.281428,buy,limit,83019295
103901.5,0.00962,2025-05-13 17:37:28,1747157848.281428,buy,limit,83019300
103901.4,9.628e-05,2025-05-13 17:37:28,1747157848.281428,buy,limit,83019299
103862.1,5.055e-05,2025-05-13 17:37:28,1747157848.281428,buy,limit,83019296
103884.0,5.054e-05,2025-05-13 17:37:28,1747157848.281428,buy,limit,83019298
103873.1,5.054e-05,2025-05-13 17:37:28,1747157848.281428,buy,limit,83019297
103905.7,9.628e-05,2025-05-13 17:37:28,1747157848.526899,buy,market,83019303
103908.6,0.00090372,2025-05-13 17:37:28,1747157848.5268993,buy,market,83019304
103908.7,0.00047408,2025-05-13 17:37:30,1747157850.045163,buy,limit,83019305
103908.6,0.01304612,2025-05-13 17:37:30,1747157850.5583477,sell,market,83019306
103908.6,0.018313,2025-05-13 17:37:33,1747157853.381139,sell,limit,83019307
103895.8,0.03105228,2025-05-13 17:37:33,1747157853.381139,sell,limit,83019308
103895.8,0.0001,2025-05-13 17:37:35,1747157855.6024163,sell,market,83019309
103895.8,0.006386,2025-05-13 17:37:35,1747157855.6024163,sell,market,83019312
103895.8,0.0001,2025-05-13 17:37:35,1747157855.6024163,sell,market,83019310
103895.8,0.001,2025-05-13 17:37:35,1747157855.6024163,sell,market,83019311
103895.7,0.00076623,2025-05-13 17:37:51,1747157871.369438,buy,limit,83019313
103895.7,0.00140854,2025-05-13 17:37:57,1747157877.832107,buy,limit,83019314
103895.6,0.000785,2025-05-13 17:37:59,1747157879.5307093,sell,market,83019317
103895.6,0.0001,2025-05-13 17:37:59,1747157879.5307093,sell,market,83019315
103895.6,0.0001,2025-05-13 17:37:59,1747157879.5307093,sell,market,83019316
103895.7,0.00033697,2025-05-13 17:37:59,1747157879.5781493,buy,market,83019318
103895.7,0.01306415,2025-05-13 17:38:01,1747157881.321866,buy,market,83019319
103895.7,0.008459,2025-05-13 17:38:02,1747157882.3112473,buy,limit,83019320
103895.7,5e-05,2025-05-13 17:38:03,1747157883.517323,buy,market,83019321
103895.7,5.027e-05,2025-05-13 17:38:10,1747157890.4419224,buy,market,83019322
103895.7,0.00012688,2025-05-13 17:38:16,1747157896.0793993,buy,limit,83019323
103895.7,0.00093903,2025-05-13 17:38:17,1747157897.1898105,buy,limit,83019324
103895.7,0.00542054,2025-05-13 17:38:17,1747157897.9536738,buy,limit,83019325
103895.7,0.00042202,2025-05-13 17:38:20,1747157900.9129908,buy,market,83019326
103895.7,0.08453226,2025-05-13 17:38:25,1747157905.0560803,buy,market,83019327
103895.7,0.01650611,2025-05-13 17:38:25,1747157905.0560803,buy,market,83019329
103895.7,5.053e-05,2025-05-13 17:38:25,1747157905.0560803,buy,market,83019328
103895.7,0.01753709,2025-05-13 17:38:25,1747157905.0560803,buy,market,83019333
103895.7,9.625e-05,2025-05-13 17:38:25,1747157905.0560803,buy,market,83019331
103895.7,0.00071413,2025-05-13 17:38:25,1747157905.0560803,buy,market,83019330
103895.7,0.02012667,2025-05-13 17:38:25,1747157905.0560803,buy,market,83019332
103895.6,0.000785,2025-05-13 17:38:25,1747157905.2681975,sell,limit,83019335
103895.6,0.000215,2025-05-13 17:38:25,1747157905.2681975,sell,limit,83019334
103895.7,7.323e-05,2025-05-13 17:38:27,1747157907.1948943,buy,market,83019336
103895.7,0.0162,2025-05-13 17:38:38,1747157918.5791225,buy,limit,83019337
103895.7,0.00078499,2025-05-13 17:38:40,1747157920.2369854,buy,limit,83019338
103901.5,9.577e-05,2025-05-13 17:38:47,1747157927.0429244,buy,limit,83019339
103901.5,0.00011501,2025-05-13 17:38:50,1747157930.870256,buy,limit,83019340
103901.5,0.00090142,2025-05-13 17:38:50,1747157930.9763665,buy,limit,83019341
103901.5,0.0085078,2025-05-13 17:38:53,1747157933.573458,buy,market,83019342
103901.5,0.00733516,2025-05-13 17:38:53,1747157933.5734582,buy,market,83019343
103901.5,0.00014223,2025-05-13 17:38:56,1747157936.0400941,buy,limit,83019344
103901.5,0.00036527,2025-05-13 17:38:58,1747157938.5407953,buy,limit,83019345
103901.5,9e-05,2025-05-13 17:39:03,1747157943.0644877,buy,market,83019347
103901.5,0.00866345,2025-05-13 17:39:03,1747157943.0644877,buy,market,83019346
103901.5,0.00519594,2025-05-13 17:39:03,1747157943.064488,buy,market,83019349
103901.5,0.00102,2025-05-13 17:39:03,1747157943.064488,buy,market,83019348
103901.5,5e-05,2025-05-13 17:39:03,1747157943.0991096,buy,market,83019350
103901.5,0.00140846,2025-05-13 17:39:19,1747157959.997596,buy,limit,83019351
103901.5,0.00065099,2025-05-13 17:39:26,1747157966.3067925,buy,limit,83019352
103901.5,0.00047411,2025-05-13 17:39:30,1747157970.0457942,buy,limit,83019353
103901.4,1.234e-05,2025-05-13 17:39:34,1747157974.5459266,sell,limit,83019354
103901.4,0.00098766,2025-05-13 17:39:36,1747157976.1677787,sell,market,83019355
103901.4,0.001,2025-05-13 17:39:36,1747157976.1677787,sell,market,83019358
103901.4,0.0001,2025-05-13 17:39:36,1747157976.1677787,sell,market,83019356
103901.4,0.0001,2025-05-13 17:39:36,1747157976.1677787,sell,market,83019357
103901.4,0.03819259,2025-05-13 17:39:36,1747157976.167779,sell,market,83019359
103901.5,0.0007305,2025-05-13 17:39:40,1747157980.2901132,buy,limit,83019360
103901.5,9.624e-05,2025-05-13 17:39:40,1747157980.2901132,buy,limit,83019361
103901.5,0.00797489,2025-05-13 17:39:40,1747157980.2901132,buy,limit,83019362
103901.5,0.00167383,2025-05-13 17:39:46,1747157986.845871,buy,limit,83019363
103901.5,0.0005,2025-05-13 17:39:52,1747157992.9002762,buy,market,83019364
103901.5,0.00281693,2025-05-13 17:39:59,1747157999.4663293,buy,limit,83019365
103901.5,0.00131307,2025-05-13 17:40:03,1747158003.042391,buy,limit,83019366
103901.5,0.00389587,2025-05-13 17:40:03,1747158003.042391,buy,limit,83019367
103901.5,5e-05,2025-05-13 17:40:03,1747158003.079087,buy,market,83019368
103901.4,0.0001,2025-05-13 17:40:03,1747158003.512389,sell,market,83019370
103901.4,0.0001,2025-05-13 17:40:03,1747158003.512389,sell,market,83019369
103901.4,0.001,2025-05-13 17:40:03,1747158003.512389,sell,market,83019371
103901.4,0.054832,2025-05-13 17:40:03,1747158003.512389,sell,market,83019372
103901.5,0.0100252,2025-05-13 17:40:05,1747158005.2756217,buy,market,83019373
103901.5,0.0153,2025-05-13 17:40:08,1747158008.5631392,buy,limit,83019374
103905.9,5.053e-05,2025-05-13 17:40:16,1747158016.6041548,buy,limit,83019375
103928.0,5.052e-05,2025-05-13 17:40:16,1747158016.6041548,buy,limit,83019379
103917.1,5.052e-05,2025-05-13 17:40:16,1747158016.6041548,buy,limit,83019378
103905.9,0.01650611,2025-05-13 17:40:16,1747158016.6041548,buy,limit,83019376
103911.7,0.00024388,2025-05-13 17:40:16,1747158016.6041548,buy,limit,83019377
103939.1,5.051e-05,2025-05-13 17:40:20,1747158020.9535015,buy,limit,83019380
103939.1,0.01524949,2025-05-13 17:40:20,1747158020.9535015,buy,limit,83019381
103942.6,9.621e-05,2025-05-13 17:40:22,1747158022.6486468,buy,market,83019382
103942.6,1.878e-05,2025-05-13 17:40:22,1747158022.6486468,buy,market,83019383
103942.5,0.000569,2025-05-13 17:40:24,1747158024.4640849,sell,limit,83019384
103942.6,8.881e-05,2025-05-13 17:40:27,1747158027.6968315,buy,limit,83019385
103942.6,0.001,2025-05-13 17:40:42,1747158042.5740151,buy,limit,83019386
103942.6,0.0153,2025-05-13 17:40:43,1747158043.6783192,buy,limit,83019387
103950.0,5.051e-05,2025-05-13 17:40:47,1747158047.880692,buy,limit,83019388
103950.0,0.00089734,2025-05-13 17:40:47,1747158047.880692,buy,limit,83019389
103950.0,0.0144,2025-05-13 17:40:55,1747158055.5976088,buy,limit,83019390
103960.8,0.01408867,2025-05-13 17:40:57,1747158057.8181462,buy,market,83019393
103960.8,9.62e-05,2025-05-13 17:40:57,1747158057.8181462,buy,market,83019391
103961.2,0.09547292,2025-05-13 17:40:57,1747158057.8181462,buy,market,83019398
103960.9,0.03316845,2025-05-13 17:40:57,1747158057.8181462,buy,market,83019395
103961.1,5.05e-05,2025-05-13 17:40:57,1747158057.8181462,buy,market,83019397
103960.8,0.02821348,2025-05-13 17:40:57,1747158057.8181462,buy,market,83019392
103961.0,0.00601,2025-05-13 17:40:57,1747158057.8181462,buy,market,83019396
103960.8,0.01650611,2025-05-13 17:40:57,1747158057.8181462,buy,market,83019394
103961.2,0.00011619,2025-05-13 17:41:00,1747158060.4290028,buy,limit,83019399
103961.2,0.01638992,2025-05-13 17:41:02,1747158062.038303,buy,limit,83019400
103961.2,9.619e-05,2025-05-13 17:41:02,1747158062.038303,buy,limit,83019401
103961.2,0.00986207,2025-05-13 17:41:02,1747158062.0383031,buy,limit,83019402
103961.2,0.004,2025-05-13 17:41:02,1747158062.0383031,buy,limit,83019403
103962.1,0.01774492,2025-05-13 17:41:02,1747158062.0383031,buy,limit,83019404
103962.1,9.619e-05,2025-05-13 17:41:02,1747158062.464365,buy,market,83019406
103963.2,0.45566273,2025-05-13 17:41:02,1747158062.464365,buy,market,83019408
103962.1,0.23189008,2025-05-13 17:41:02,1747158062.464365,buy,market,83019405
103962.3,0.312351,2025-05-13 17:41:02,1747158062.464365,buy,market,83019407
103963.8,0.00592239,2025-05-13 17:41:02,1747158062.7911074,buy,limit,83019409
103963.8,0.00064745,2025-05-13 17:41:02,1747158062.81771,buy,market,83019410
103963.8,5e-05,2025-05-13 17:41:03,1747158063.4819646,buy,market,83019411
103963.7,0.01740883,2025-05-13 17:41:03,1747158063.9829643,sell,limit,83019412
103963.8,0.01430381,2025-05-13 17:41:06,1747158066.8778234,buy,limit,83019414
103963.8,9.619e-05,2025-05-13 17:41:06,1747158066.8778234,buy,limit,83019413
103972.0,5.049e-05,2025-05-13 17:41:09,1747158069.1342547,buy,limit,83019415
103972.0,8.606e-05,2025-05-13 17:41:09,1747158069.1342547,buy,limit,83019416
103982.9,5.049e-05,2025-05-13 17:41:23,1747158083.9757433,buy,limit,83019418
103972.0,0.01642005,2025-05-13 17:41:23,1747158083.9757433,buy,limit,83019417
103994.0,5.048e-05,2025-05-13 17:41:23,1747158083.9757433,buy,limit,83019419
104000.0,0.01,2025-05-13 17:41:23,1747158083.9757433,buy,limit,83019420
104002.5,0.00961,2025-05-13 17:41:26,1747158086.0276666,buy,limit,83019421
104002.5,0.00446806,2025-05-13 17:41:26,1747158086.0276666,buy,limit,83019422
104002.5,9.47e-06,2025-05-13 17:41:26,1747158086.0390615,buy,limit,83019423
104002.5,0.0117,2025-05-13 17:41:27,1747158087.9423575,buy,limit,83019424
104004.9,5.048e-05,2025-05-13 17:41:34,1747158094.0591207,buy,limit,83019425
104004.9,0.0008968,2025-05-13 17:41:34,1747158094.0591207,buy,limit,83019426
104004.9,0.00284317,2025-05-13 17:41:37,1747158097.0322418,buy,limit,83019427
104004.9,0.01276614,2025-05-13 17:41:37,1747158097.635333,buy,limit,83019428
104024.2,0.00021532,2025-05-13 17:41:37,1747158097.635333,buy,limit,83019430
104016.1,5.047e-05,2025-05-13 17:41:37,1747158097.635333,buy,limit,83019429
104055.8,0.70671926,2025-05-13 17:41:37,1747158097.6353333,buy,limit,83019440
104053.8,2.40260452,2025-05-13 17:41:37,1747158097.6353333,buy,limit,83019439
104049.0,5.046e-05,2025-05-13 17:41:37,1747158097.6353333,buy,limit,83019434
104051.8,1.153795,2025-05-13 17:41:37,1747158097.6353333,buy,limit,83019437
104050.1,9.615e-05,2025-05-13 17:41:37,1747158097.6353333,buy,limit,83019435
104050.2,0.31999,2025-05-13 17:41:37,1747158097.6353333,buy,limit,83019436
104053.0,2.40262185,2025-05-13 17:41:37,1747158097.6353333,buy,limit,83019438
104027.0,5.047e-05,2025-05-13 17:41:37,1747158097.6353333,buy,limit,83019431
104044.6,0.0009899,2025-05-13 17:41:37,1747158097.6353333,buy,limit,83019433
104037.9,5.046e-05,2025-05-13 17:41:37,1747158097.6353333,buy,limit,83019432
104046.5,0.0026,2025-05-13 17:41:38,1747158098.2682798,sell,limit,83019441
104046.6,0.03173539,2025-05-13 17:41:39,1747158099.9215841,buy,limit,83019443
104046.6,0.01226846,2025-05-13 17:41:39,1747158099.9215841,buy,limit,83019444
104046.6,9.615e-05,2025-05-13 17:41:39,1747158099.9215841,buy,limit,83019442
104046.6,9.612e-05,2025-05-13 17:41:40,1747158100.0492551,buy,market,83019445
104054.9,0.00278694,2025-05-13 17:41:40,1747158100.0492551,buy,market,83019446
104053.4,0.00096105,2025-05-13 17:41:57,1747158117.486249,buy,market,83019447
104053.4,0.00640055,2025-05-13 17:42:01,1747158121.324287,buy,market,83019448
104053.4,5e-05,2025-05-13 17:42:03,1747158123.0536184,buy,market,83019449
104053.4,0.00761106,2025-05-13 17:42:04,1747158124.371999,buy,market,83019450
104060.0,5.045e-05,2025-05-13 17:42:11,1747158131.899521,buy,market,83019451
104060.0,0.02,2025-05-13 17:42:11,1747158131.899521,buy,market,83019453
104060.0,9.61e-05,2025-05-13 17:42:11,1747158131.899521,buy,market,83019452
104060.0,0.01650611,2025-05-13 17:42:11,1747158131.899521,buy,market,83019456
104060.0,0.03116482,2025-05-13 17:42:11,1747158131.899521,buy,market,83019455
104060.0,0.00690345,2025-05-13 17:42:11,1747158131.899521,buy,market,83019454
104060.0,0.2503,2025-05-13 17:42:11,1747158131.899521,buy,market,83019460
104060.0,0.04,2025-05-13 17:42:11,1747158131.899521,buy,market,83019459
104060.5,0.2494,2025-05-13 17:42:11,1747158131.899521,buy,market,83019461
104060.0,0.004,2025-05-13 17:42:11,1747158131.899521,buy,market,83019458
104060.0,0.2591,2025-05-13 17:42:11,1747158131.899521,buy,market,83019457
104060.5,1.12247907,2025-05-13 17:42:11,1747158131.899521,buy,market,83019462
104060.5,9.468e-05,2025-05-13 17:42:17,1747158137.0549965,buy,limit,83019463
104060.5,0.0004688,2025-05-13 17:42:18,1747158138.1483438,buy,limit,83019464
104060.4,5.798e-05,2025-05-13 17:42:20,1747158140.5081906,sell,limit,83019465
104060.4,0.0001,2025-05-13 17:42:21,1747158141.8496003,sell,limit,83019467
104060.4,0.0001,2025-05-13 17:42:21,1747158141.8496003,sell,limit,83019468
104060.4,0.13494202,2025-05-13 17:42:21,1747158141.8496003,sell,limit,83019466
104059.9,0.00096098,2025-05-13 17:42:21,1747158141.8496006,sell,limit,83019470
104051.5,0.249401,2025-05-13 17:42:21,1747158141.8496006,sell,limit,83019471
104050.0,0.310994,2025-05-13 17:42:21,1747158141.8496006,sell,limit,83019472
104049.5,1.742502,2025-05-13 17:42:21,1747158141.8496006,sell,limit,83019473
104060.4,0.001,2025-05-13 17:42:21,1747158141.8496006,sell,limit,83019469
104049.5,0.00267327,2025-05-13 17:42:27,1747158147.1126552,sell,limit,83019474
104049.6,0.00372681,2025-05-13 17:42:43,1747158163.5498004,buy,limit,83019475
104049.6,0.0127793,2025-05-13 17:42:43,1747158163.7668505,buy,market,83019476
104059.9,0.00229999,2025-05-13 17:42:43,1747158163.7668505,buy,market,83019477
104067.8,0.00163046,2025-05-13 17:42:43,1747158163.7668505,buy,market,83019480
104067.7,9.61e-05,2025-05-13 17:42:43,1747158163.7668505,buy,market,83019479
104066.7,5.5e-05,2025-05-13 17:42:43,1747158163.7668505,buy,market,83019478
104069.6,1.98313915,2025-05-13 17:42:43,1747158163.7668505,buy,market,83019481
104063.1,0.00096093,2025-05-13 17:42:48,1747158168.4266562,buy,limit,83019482
104063.1,0.14603242,2025-05-13 17:42:48,1747158168.899842,buy,market,83019485
104063.1,9.61e-05,2025-05-13 17:42:48,1747158168.899842,buy,market,83019484
104063.1,0.00387148,2025-05-13 17:42:48,1747158168.899842,buy,market,83019483
104063.1,0.00018126,2025-05-13 17:42:54,1747158174.5959542,buy,market,83019486
104063.1,0.00338269,2025-05-13 17:42:57,1747158177.4498947,buy,market,83019489
104063.1,9.61e-05,2025-05-13 17:42:57,1747158177.4498947,buy,market,83019488
104063.1,0.01632485,2025-05-13 17:42:57,1747158177.4498947,buy,market,83019487
104063.1,0.004,2025-05-13 17:42:57,1747158177.4498947,buy,market,83019491
104063.1,0.0009391,2025-05-13 17:42:57,1747158177.4498947,buy,market,83019490
104063.4,0.12525726,2025-05-13 17:42:57,1747158177.449895,buy,market,83019492
104063.0,9.983e-05,2025-05-13 17:42:57,1747158177.6882558,sell,limit,83019493
104063.1,0.04,2025-05-13 17:42:58,1747158178.983364,buy,market,83019496
104063.1,0.43638161,2025-05-13 17:42:58,1747158178.983364,buy,market,83019497
104063.1,9.61e-05,2025-05-13 17:42:58,1747158178.983364,buy,market,83019494
104063.1,0.004,2025-05-13 17:42:58,1747158178.983364,buy,market,83019495
104063.7,0.00768347,2025-05-13 17:43:01,1747158181.253469,buy,market,83019498
104063.7,0.00023441,2025-05-13 17:43:01,1747158181.3067353,buy,limit,83019499
104063.7,0.00011531,2025-05-13 17:43:02,1747158182.4745803,buy,market,83019500
104063.7,5e-05,2025-05-13 17:43:03,1747158183.0590837,buy,market,83019501
104063.7,0.0163408,2025-05-13 17:43:06,1747158186.3613946,buy,market,83019502
104070.9,5.045e-05,2025-05-13 17:43:06,1747158186.3613946,buy,market,83019503
104072.8,0.00036972,2025-05-13 17:43:06,1747158186.3613946,buy,market,83019504
104073.2,0.0003116,2025-05-13 17:43:06,1747158186.3613946,buy,market,83019505
104079.1,0.13283134,2025-05-13 17:43:06,1747158186.3613946,buy,market,83019507
104079.0,9.609e-05,2025-05-13 17:43:06,1747158186.3613946,buy,market,83019506
104079.0,0.000673,2025-05-13 17:43:07,1747158187.726597,buy,market,83019508
104078.9,9.43e-05,2025-05-13 17:43:07,1747158187.7451735,sell,limit,83019509
104079.0,0.0129,2025-05-13 17:43:08,1747158188.6178234,buy,limit,83019510
104079.0,0.00023603,2025-05-13 17:43:10,1747158190.1111016,buy,limit,83019513
104079.0,0.00236788,2025-05-13 17:43:10,1747158190.1111016,buy,limit,83019512
104079.0,9.609e-05,2025-05-13 17:43:10,1747158190.1111016,buy,limit,83019511
104078.9,0.0014,2025-05-13 17:43:10,1747158190.4234064,sell,limit,83019514
104079.0,0.00012947,2025-05-13 17:43:12,1747158192.3274355,buy,market,83019515
104079.0,0.00012019,2025-05-13 17:43:13,1747158193.7965064,buy,market,83019516
104079.0,0.00360249,2025-05-13 17:43:23,1747158203.0546322,buy,market,83019517
104079.0,9.608e-05,2025-05-13 17:43:32,1747158212.480973,buy,limit,83019518
104079.0,0.00083378,2025-05-13 17:43:32,1747158212.480973,buy,limit,83019519
104079.0,0.00394792,2025-05-13 17:43:34,1747158214.4254882,buy,market,83019520
104079.0,0.0014592,2025-05-13 17:43:59,1747158239.0303926,buy,limit,83019521
104060.0,5.045e-05,2025-05-13 17:44:02,1747158242.7558565,sell,limit,83019526
104078.9,0.0001,2025-05-13 17:44:02,1747158242.7558565,sell,limit,83019523
104078.9,0.001,2025-05-13 17:44:02,1747158242.7558565,sell,limit,83019522
104068.6,0.0001243,2025-05-13 17:44:02,1747158242.7558565,sell,limit,83019525
104078.9,0.0001,2025-05-13 17:44:02,1747158242.7558565,sell,limit,83019524
104059.9,0.00262525,2025-05-13 17:44:02,1747158242.7558568,sell,limit,83019527
104060.0,0.00432151,2025-05-13 17:44:02,1747158242.7662876,buy,market,83019528
104060.0,5e-05,2025-05-13 17:44:03,1747158243.0534751,buy,market,83019529
104052.7,0.001,2025-05-13 17:44:05,1747158245.6256323,sell,limit,83019531
104052.7,0.0001,2025-05-13 17:44:05,1747158245.6256323,sell,limit,83019533
104052.7,0.0001,2025-05-13 17:44:05,1747158245.6256323,sell,limit,83019532
104049.0,5.045e-05,2025-05-13 17:44:05,1747158245.6256323,sell,limit,83019534
104052.7,0.00012685,2025-05-13 17:44:05,1747158245.6256323,sell,limit,83019530
104046.5,0.00800875,2025-05-13 17:44:05,1747158245.6256325,sell,limit,83019535
104046.6,0.0153,2025-05-13 17:44:08,1747158248.5880387,buy,limit,83019536
104051.0,0.00649374,2025-05-13 17:44:12,1747158252.1356606,buy,market,83019537
104051.0,0.00076875,2025-05-13 17:44:13,1747158253.35329,buy,limit,83019538
104051.0,0.00047343,2025-05-13 17:44:18,1747158258.0835595,buy,limit,83019539
104051.0,9.61e-05,2025-05-13 17:44:20,1747158260.3999228,buy,limit,83019541
104051.0,0.00877019,2025-05-13 17:44:20,1747158260.3999228,buy,limit,83019540
104051.0,0.00165752,2025-05-13 17:44:20,1747158260.3999228,buy,limit,83019542
104057.4,0.00237619,2025-05-13 17:44:20,1747158260.399923,buy,limit,83019543
104057.9,0.0023,2025-05-13 17:44:27,1747158267.8738167,sell,market,83019544
104057.9,2.604e-05,2025-05-13 17:44:35,1747158275.1589112,sell,limit,83019545
104058.0,0.00668523,2025-05-13 17:44:37,1747158277.5688741,buy,market,83019546
104058.0,0.00047224,2025-05-13 17:44:44,1747158284.6571403,buy,limit,83019547
104057.9,0.0014415,2025-05-13 17:44:44,1747158284.671896,sell,market,83019548
104058.0,0.0009468,2025-05-13 17:44:47,1747158287.7120273,buy,limit,83019549
104058.0,5e-05,2025-05-13 17:45:03,1747158303.0593565,buy,market,83019550
104058.0,0.00071175,2025-05-13 17:45:05,1747158305.266893,buy,market,83019551
104058.0,0.00010868,2025-05-13 17:45:07,1747158307.8103926,buy,limit,83019552
104058.0,0.0141,2025-05-13 17:45:08,1747158308.5817416,buy,limit,83019553
104060.0,5.045e-05,2025-05-13 17:45:19,1747158319.1226788,buy,limit,83019554
104060.0,0.00039836,2025-05-13 17:45:19,1747158319.1226788,buy,limit,83019555
104060.0,0.0144,2025-05-13 17:45:20,1747158320.4256787,buy,limit,83019556
104071.0,5.045e-05,2025-05-13 17:45:24,1747158324.9865196,buy,limit,83019557
104071.0,0.0088564,2025-05-13 17:45:24,1747158324.9865196,buy,limit,83019558
104071.0,0.01582486,2025-05-13 17:45:33,1747158333.7354786,buy,market,83019559
104071.0,0.01443129,2025-05-13 17:45:46,1747158346.4746363,buy,market,83019560
104071.0,9.609e-05,2025-05-13 17:45:47,1747158347.5552554,buy,limit,83019561
104071.0,0.0044974,2025-05-13 17:45:47,1747158347.5552554,buy,limit,83019562
104071.0,0.0221003,2025-05-13 17:45:56,1747158356.3103163,buy,market,83019563
104071.0,5e-05,2025-05-13 17:46:03,1747158363.047962,buy,market,83019564
104071.0,0.00195,2025-05-13 17:46:04,1747158364.0233054,buy,market,83019565
104071.0,9.609e-05,2025-05-13 17:46:04,1747158364.0233054,buy,market,83019566
104071.0,0.00049849,2025-05-13 17:46:04,1747158364.0233054,buy,market,83019567
104070.9,0.0001,2025-05-13 17:46:10,1747158370.3598435,sell,market,83019569
104070.9,0.0001,2025-05-13 17:46:10,1747158370.3598435,sell,market,83019568
104070.9,0.001,2025-05-13 17:46:10,1747158370.3598435,sell,market,83019570
104070.9,0.0098,2025-05-13 17:46:10,1747158370.3598437,sell,market,83019571
104071.0,0.000673,2025-05-13 17:46:11,1747158371.049787,buy,market,83019572
104070.9,0.0001,2025-05-13 17:46:24,1747158384.0777233,sell,limit,83019573
104070.9,0.0001,2025-05-13 17:46:24,1747158384.0777233,sell,limit,83019574
104070.9,0.07312741,2025-05-13 17:46:24,1747158384.0777233,sell,limit,83019575
104071.0,0.00012186,2025-05-13 17:46:25,1747158385.2861834,buy,market,83019576
104071.0,0.00185402,2025-05-13 17:46:32,1747158392.4729242,buy,market,83019577
104071.0,0.01335874,2025-05-13 17:46:38,1747158398.5697231,buy,limit,83019578
104071.0,0.01104424,2025-05-13 17:46:38,1747158398.5697231,buy,limit,83019579
104071.0,0.00169702,2025-05-13 17:46:38,1747158398.5697231,buy,limit,83019580
104071.0,0.00075323,2025-05-13 17:46:50,1747158410.2266424,buy,limit,83019581
104071.0,0.00144132,2025-05-13 17:46:50,1747158410.2266424,buy,limit,83019582
104071.0,0.01060545,2025-05-13 17:46:50,1747158410.2266424,buy,limit,83019583
104071.0,0.00185402,2025-05-13 17:46:50,1747158410.964981,buy,limit,83019584
104095.8,9.608e-05,2025-05-13 17:46:53,1747158413.9488313,buy,market,83019588
104096.0,0.00601,2025-05-13 17:46:53,1747158413.9488313,buy,market,83019590
104082.0,5.044e-05,2025-05-13 17:46:53,1747158413.9488313,buy,market,83019585
104092.9,5.044e-05,2025-05-13 17:46:53,1747158413.9488313,buy,market,83019587
104082.0,0.01650611,2025-05-13 17:46:53,1747158413.9488313,buy,market,83019586
104100.0,0.01926604,2025-05-13 17:46:53,1747158413.9488313,buy,market,83019591
104095.9,0.02821348,2025-05-13 17:46:53,1747158413.9488313,buy,market,83019589
104099.9,9.608e-05,2025-05-13 17:46:57,1747158417.2919147,buy,limit,83019592
104099.9,0.00777898,2025-05-13 17:46:57,1747158417.2919147,buy,limit,83019593
104099.9,4.732e-05,2025-05-13 17:46:59,1747158419.036867,buy,limit,83019594
104099.8,0.00372655,2025-05-13 17:47:01,1747158421.3802862,sell,market,83019595
104099.9,0.01534598,2025-05-13 17:47:01,1747158421.4128919,buy,limit,83019596
104099.9,0.00193923,2025-05-13 17:47:01,1747158421.4363992,buy,market,83019597
104099.9,5e-05,2025-05-13 17:47:03,1747158423.053013,buy,market,83019598
104099.9,0.0001,2025-05-13 17:47:14,1747158434.3834214,buy,market,83019599
104100.0,0.00170996,2025-05-13 17:47:19,1747158439.0285647,buy,market,83019601
104099.9,0.01441688,2025-05-13 17:47:19,1747158439.0285647,buy,market,83019600
104100.0,0.01387316,2025-05-13 17:47:19,1747158439.0285647,buy,market,83019602
104100.0,0.00760836,2025-05-13 17:47:22,1747158442.7089071,buy,limit,83019603
104100.0,0.08839164,2025-05-13 17:47:22,1747158442.7089071,buy,limit,83019604
104099.9,5.997e-05,2025-05-13 17:47:22,1747158442.848258,sell,limit,83019605
104100.0,0.5,2025-05-13 17:47:26,1747158446.1218414,buy,limit,83019607
104100.0,0.15307705,2025-05-13 17:47:26,1747158446.1218414,buy,limit,83019609
104100.0,0.09306296,2025-05-13 17:47:26,1747158446.1218414,buy,limit,83019606
104100.0,0.04760393,2025-05-13 17:47:26,1747158446.1218414,buy,limit,83019608
104100.0,0.03,2025-05-13 17:47:29,1747158449.1227002,buy,limit,83019610
104100.0,0.02,2025-05-13 17:47:29,1747158449.1317015,buy,limit,83019611
104100.0,0.02,2025-05-13 17:47:29,1747158449.167235,buy,limit,83019612
104100.0,0.02,2025-05-13 17:47:29,1747158449.1682332,buy,limit,83019613
104100.0,0.0063829,2025-05-13 17:47:29,1747158449.1711137,buy,limit,83019614
104100.0,0.0136171,2025-05-13 17:47:29,1747158449.1711137,buy,limit,83019615
104100.0,0.01650611,2025-05-13 17:47:29,1747158449.5616903,buy,limit,83019617
104100.0,0.03441363,2025-05-13 17:47:29,1747158449.5616903,buy,limit,83019616
104103.4,9.605e-05,2025-05-13 17:47:31,1747158451.5407875,sell,limit,83019618
104103.4,0.00459366,2025-05-13 17:47:31,1747158451.5407875,sell,limit,83019619
104103.5,0.00574,2025-05-13 17:47:33,1747158453.8153825,buy,limit,83019620
104103.5,0.00386,2025-05-13 17:47:33,1747158453.8153827,buy,limit,83019621
104103.5,0.0147,2025-05-13 17:47:33,1747158453.8153827,buy,limit,83019622
104103.5,0.00180611,2025-05-13 17:47:33,1747158453.8210382,buy,limit,83019623
104104.1,5.043e-05,2025-05-13 17:47:33,1747158453.8210382,buy,limit,83019624
104115.0,5.044e-05,2025-05-13 17:47:33,1747158453.8497643,buy,limit,83019625
104126.0,5.044e-05,2025-05-13 17:47:35,1747158455.2449281,buy,limit,83019626
104136.9,5.044e-05,2025-05-13 17:47:37,1747158457.499173,buy,limit,83019627
104136.9,0.00040245,2025-05-13 17:47:37,1747158457.499173,buy,limit,83019628
104136.9,9.369e-05,2025-05-13 17:47:39,1747158459.8850236,buy,limit,83019629
104136.9,0.00304725,2025-05-13 17:47:43,1747158463.190236,buy,limit,83019630
104136.8,0.00775468,2025-05-13 17:47:44,1747158464.0131729,sell,limit,83019631
104148.0,5.041e-05,2025-05-13 17:47:44,1747158464.4416037,buy,limit,83019632
104148.9,0.00162245,2025-05-13 17:47:44,1747158464.6425405,buy,limit,83019633
104148.9,0.0009,2025-05-13 17:47:45,1747158465.7545462,buy,limit,83019634
104148.9,0.00670433,2025-05-13 17:47:45,1747158465.7571938,buy,limit,83019635
104152.4,0.00017711,2025-05-13 17:47:45,1747158465.7571938,buy,limit,83019637
104148.9,0.01650611,2025-05-13 17:47:45,1747158465.7571938,buy,limit,83019636
104159.1,5.04e-05,2025-05-13 17:47:45,1747158465.7602458,buy,limit,83019638
104198.9,0.00922236,2025-05-13 17:47:46,1747158466.9572082,buy,limit,83019645
104200.0,4.6e-06,2025-05-13 17:47:46,1747158466.9572082,buy,limit,83019646
104181.1,5.039e-05,2025-05-13 17:47:46,1747158466.9572082,buy,limit,83019640
104191.9,5.039e-05,2025-05-13 17:47:46,1747158466.9572082,buy,limit,83019642
104189.2,0.00079972,2025-05-13 17:47:46,1747158466.9572082,buy,limit,83019641
104192.0,5.5e-05,2025-05-13 17:47:46,1747158466.9572082,buy,limit,83019643
104192.6,0.00017684,2025-05-13 17:47:46,1747158466.9572082,buy,limit,83019644
104170.0,5.04e-05,2025-05-13 17:47:46,1747158466.9572082,buy,limit,83019639
104200.0,0.008069,2025-05-13 17:47:53,1747158473.06858,buy,market,83019647
104200.0,0.00011939,2025-05-13 17:47:53,1747158473.676444,buy,market,83019648
104200.0,0.01519078,2025-05-13 17:47:53,1747158473.8894553,buy,limit,83019649
104200.0,0.01650611,2025-05-13 17:47:57,1747158477.543936,buy,market,83019652
104200.0,0.80360177,2025-05-13 17:47:57,1747158477.543936,buy,market,83019650
104200.0,0.00019289,2025-05-13 17:47:57,1747158477.543936,buy,market,83019651
104236.1,5.037e-05,2025-05-13 17:47:57,1747158477.5439363,buy,market,83019664
104210.3,0.00041021,2025-05-13 17:47:57,1747158477.5439363,buy,market,83019656
104204.5,0.00239,2025-05-13 17:47:57,1747158477.5439363,buy,market,83019655
104204.5,0.0072,2025-05-13 17:47:57,1747158477.5439363,buy,market,83019654
104203.1,5.038e-05,2025-05-13 17:47:57,1747158477.5439363,buy,market,83019653
104224.4,0.00122284,2025-05-13 17:47:57,1747158477.5439363,buy,market,83019660
104220.1,0.00033063,2025-05-13 17:47:57,1747158477.5439363,buy,market,83019659
104214.0,5.038e-05,2025-05-13 17:47:57,1747158477.5439363,buy,market,83019658
104210.3,0.0019955,2025-05-13 17:47:57,1747158477.5439363,buy,market,83019657
104224.9,5.037e-05,2025-05-13 17:47:57,1747158477.5439363,buy,market,83019661
104230.0,0.01979036,2025-05-13 17:47:57,1747158477.5439363,buy,market,83019662
104231.0,0.00601,2025-05-13 17:47:57,1747158477.5439363,buy,market,83019663
104236.4,9.46e-05,2025-05-13 17:47:57,1747158477.5439363,buy,market,83019665
104263.8,0.2235608,2025-05-13 17:47:57,1747158477.5439363,buy,market,83019669
104263.7,9.596e-05,2025-05-13 17:47:57,1747158477.5439363,buy,market,83019668
104247.0,5.036e-05,2025-05-13 17:47:57,1747158477.5439363,buy,market,83019666
104248.9,0.00921793,2025-05-13 17:47:57,1747158477.5439363,buy,market,83019667
104261.9,0.12281988,2025-05-13 17:47:57,1747158477.7121103,sell,market,83019670
104261.9,0.00075186,2025-05-13 17:48:01,1747158481.8790157,sell,limit,83019671
104262.0,5e-05,2025-05-13 17:48:03,1747158483.0556648,buy,market,83019672
104262.0,5.036e-05,2025-05-13 17:48:04,1747158484.9633076,buy,market,83019673
104262.0,0.00076864,2025-05-13 17:48:04,1747158484.9633076,buy,market,83019674
104262.0,0.0008983,2025-05-13 17:48:14,1747158494.1453054,buy,limit,83019675
104262.0,0.01483917,2025-05-13 17:48:20,1747158500.78218,buy,limit,83019676
104262.0,0.00831872,2025-05-13 17:48:20,1747158500.78218,buy,limit,83019678
104262.0,9.591e-05,2025-05-13 17:48:20,1747158500.78218,buy,limit,83019677
104261.9,0.000194,2025-05-13 17:48:21,1747158501.025634,sell,limit,83019679
104261.9,0.00340728,2025-05-13 17:48:21,1747158501.6004264,sell,limit,83019680
104262.0,9.591e-05,2025-05-13 17:48:38,1747158518.5693476,buy,limit,83019681
104262.0,0.00400409,2025-05-13 17:48:38,1747158518.5693476,buy,limit,83019682
104264.0,0.00248542,2025-05-13 17:48:38,1747158518.795236,buy,market,83019686
104264.0,0.00231922,2025-05-13 17:48:38,1747158518.795236,buy,market,83019685
104262.0,9.591e-05,2025-05-13 17:48:38,1747158518.795236,buy,market,83019684
104268.8,0.00020587,2025-05-13 17:48:38,1747158518.795236,buy,market,83019687
104268.9,0.0509323,2025-05-13 17:48:38,1747158518.795236,buy,market,83019688
104262.0,0.01250202,2025-05-13 17:48:38,1747158518.795236,buy,market,83019683
104268.8,5e-05,2025-05-13 17:48:38,1747158518.98614,sell,market,83019689
104268.8,9.6e-06,2025-05-13 17:48:39,1747158519.7420065,sell,limit,83019690
104268.9,9.591e-05,2025-05-13 17:48:43,1747158523.1242669,buy,limit,83019691
104268.9,0.00926138,2025-05-13 17:48:43,1747158523.1242669,buy,limit,83019692
104268.8,0.00575435,2025-05-13 17:48:43,1747158523.6381662,sell,market,83019693
104268.9,9.591e-05,2025-05-13 17:48:50,1747158530.25584,buy,limit,83019694
104268.9,0.00288945,2025-05-13 17:48:50,1747158530.25584,buy,limit,83019695
104268.9,0.00981464,2025-05-13 17:48:50,1747158530.25584,buy,limit,83019696
104268.9,0.00056693,2025-05-13 17:48:51,1747158531.9480844,buy,limit,83019697
104268.9,9.591e-05,2025-05-13 17:48:55,1747158535.720159,buy,market,83019698
104268.9,0.00801409,2025-05-13 17:48:55,1747158535.7201593,buy,market,83019699
104268.9,5e-05,2025-05-13 17:49:03,1747158543.0429645,buy,market,83019700
104268.9,0.00042649,2025-05-13 17:49:03,1747158543.2502067,buy,market,83019701
104268.9,9.591e-05,2025-05-13 17:49:04,1747158544.005767,buy,market,83019702
104268.9,0.00312398,2025-05-13 17:49:04,1747158544.005767,buy,market,83019703
104268.9,9.543e-05,2025-05-13 17:49:07,1747158547.2398758,buy,limit,83019704
104268.9,0.00011286,2025-05-13 17:49:10,1747158550.5168,buy,limit,83019705
104268.8,5e-05,2025-05-13 17:49:15,1747158555.203088,sell,market,83019706
104268.9,0.03666773,2025-05-13 17:49:18,1747158558.5860016,buy,market,83019707
104268.9,0.004,2025-05-13 17:49:18,1747158558.5860016,buy,market,83019708
104268.9,0.00111637,2025-05-13 17:49:18,1747158558.5860016,buy,market,83019709
104268.9,9.591e-05,2025-05-13 17:49:24,1747158564.4616444,buy,limit,83019710
104268.9,0.00084041,2025-05-13 17:49:24,1747158564.4616444,buy,limit,83019711
104268.8,0.0001,2025-05-13 17:49:24,1747158564.73802,sell,market,83019713
104268.8,5e-05,2025-05-13 17:49:24,1747158564.73802,sell,market,83019712
104268.8,4.2e-05,2025-05-13 17:49:24,1747158564.73802,sell,market,83019714
104268.9,0.00055698,2025-05-13 17:49:30,1747158570.8451722,buy,limit,83019715
104268.8,0.02953196,2025-05-13 17:49:38,1747158578.1342328,sell,limit,83019718
104268.8,0.001,2025-05-13 17:49:38,1747158578.1342328,sell,limit,83019717
104268.8,0.009072,2025-05-13 17:49:38,1747158578.1342328,sell,limit,83019716
104268.9,0.00107836,2025-05-13 17:49:39,1747158579.3343382,buy,limit,83019719
104268.8,0.96246804,2025-05-13 17:49:42,1747158582.4577646,sell,market,83019720
104268.8,0.0001,2025-05-13 17:49:42,1747158582.4577646,sell,market,83019721
104268.8,0.00479529,2025-05-13 17:49:42,1747158582.4577646,sell,market,83019723
104268.8,0.0001,2025-05-13 17:49:42,1747158582.4577646,sell,market,83019722
104254.1,2.39798618,2025-05-13 17:49:42,1747158582.4577646,sell,market,83019724
104253.4,0.42275049,2025-05-13 17:49:42,1747158582.4577646,sell,market,83019725
104253.5,0.00047251,2025-05-13 17:49:47,1747158587.3303123,buy,limit,83019726
104253.5,0.01470272,2025-05-13 17:49:48,1747158588.5346549,buy,market,83019729
104253.5,0.0160336,2025-05-13 17:49:48,1747158588.5346549,buy,market,83019727
104253.5,9.59e-05,2025-05-13 17:49:48,1747158588.5346549,buy,market,83019728
104253.5,0.14410228,2025-05-13 17:49:56,1747158596.8485236,buy,market,83019730
104253.4,1.063e-05,2025-05-13 17:49:59,1747158599.003264,sell,limit,83019732
104253.4,0.0001,2025-05-13 17:49:59,1747158599.003264,sell,limit,83019731
104253.5,0.00033076,2025-05-13 17:50:01,1747158601.9938471,buy,limit,83019733
104253.5,5e-05,2025-05-13 17:50:03,1747158603.0395715,buy,market,83019734
104253.4,8.937e-05,2025-05-13 17:50:13,1747158613.9776335,sell,market,83019735
104253.4,0.001,2025-05-13 17:50:13,1747158613.9776335,sell,market,83019736
104253.4,0.00292005,2025-05-13 17:50:13,1747158613.9776335,sell,market,83019737
104253.5,0.0016877,2025-05-13 17:50:19,1747158619.8997061,buy,market,83019738
104253.5,0.0005123,2025-05-13 17:50:19,1747158619.8997061,buy,market,83019739
104253.5,3.182e-05,2025-05-13 17:50:20,1747158620.9087737,buy,limit,83019740
104253.5,3.369e-05,2025-05-13 17:50:41,1747158641.997616,buy,limit,83019741
104253.4,0.00195197,2025-05-13 17:50:53,1747158653.3713365,sell,limit,83019742
104253.4,0.0004688,2025-05-13 17:50:53,1747158653.7281847,sell,limit,83019743
104253.5,9.59e-05,2025-05-13 17:50:57,1747158657.7935016,buy,limit,83019744
104253.5,0.00062162,2025-05-13 17:50:57,1747158657.7935016,buy,limit,83019745
104253.5,0.00176944,2025-05-13 17:51:01,1747158661.6579647,buy,market,83019746
104253.5,0.00024326,2025-05-13 17:51:02,1747158662.6805234,buy,market,83019747
104253.5,5e-05,2025-05-13 17:51:03,1747158663.0406346,buy,market,83019748
104253.5,0.02821348,2025-05-13 17:51:04,1747158664.4457035,buy,market,83019750
104253.5,9.59e-05,2025-05-13 17:51:04,1747158664.4457035,buy,market,83019751
104253.5,0.01382179,2025-05-13 17:51:04,1747158664.4457035,buy,market,83019749
104256.2,0.08639491,2025-05-13 17:51:04,1747158664.4457037,buy,market,83019752
104256.2,0.01,2025-05-13 17:51:10,1747158670.8638296,buy,market,83019753
104256.2,0.0013,2025-05-13 17:51:23,1747158683.5167816,buy,market,83019754
104256.2,0.01393311,2025-05-13 17:51:27,1747158687.0966742,buy,market,83019755
104256.2,0.001273,2025-05-13 17:51:27,1747158687.0966742,buy,market,83019756
104260.0,0.0395576,2025-05-13 17:51:27,1747158687.0966742,buy,market,83019757
104268.9,5.035e-05,2025-05-13 17:51:27,1747158687.0966742,buy,market,83019758
104280.0,0.0032,2025-05-13 17:51:27,1747158687.0966744,buy,market,83019760
104274.0,0.01,2025-05-13 17:51:27,1747158687.0966744,buy,market,83019759
104280.0,5.035e-05,2025-05-13 17:51:27,1747158687.0966744,buy,market,83019761
104286.9,0.02848211,2025-05-13 17:51:27,1747158687.0966744,buy,market,83019763
104286.8,9.592e-05,2025-05-13 17:51:27,1747158687.0966744,buy,market,83019762
104284.0,9.591e-05,2025-05-13 17:51:30,1747158690.8138192,buy,market,83019764
104284.0,2.091e-05,2025-05-13 17:51:30,1747158690.8138192,buy,market,83019765
104283.9,0.000222,2025-05-13 17:51:32,1747158692.3508117,sell,limit,83019766
104284.0,0.00044784,2025-05-13 17:51:35,1747158695.175005,buy,limit,83019767
104284.0,0.00400942,2025-05-13 17:51:35,1747158695.237559,buy,market,83019768
104284.0,0.0117,2025-05-13 17:51:38,1747158698.586533,buy,limit,83019769
104291.1,0.01094966,2025-05-13 17:51:50,1747158710.211713,buy,market,83019771
104291.1,5.034e-05,2025-05-13 17:51:50,1747158710.211713,buy,market,83019770
104291.1,9.588e-05,2025-05-13 17:51:50,1747158710.4418254,buy,limit,83019772
104298.8,0.01160412,2025-05-13 17:51:50,1747158710.4418254,buy,limit,83019773
104298.7,9.588e-05,2025-05-13 17:51:51,1747158711.151082,buy,market,83019774
104298.7,0.00114316,2025-05-13 17:51:51,1747158711.151082,buy,market,83019775
104291.1,9.588e-05,2025-05-13 17:51:57,1747158717.7452698,buy,market,83019776
104291.1,0.00694075,2025-05-13 17:51:57,1747158717.7452698,buy,market,83019780
104291.1,0.01650611,2025-05-13 17:51:57,1747158717.7452698,buy,market,83019779
104291.1,0.004,2025-05-13 17:51:57,1747158717.7452698,buy,market,83019778
104291.1,0.03963287,2025-05-13 17:51:57,1747158717.7452698,buy,market,83019781
104291.1,0.00124799,2025-05-13 17:51:57,1747158717.7452698,buy,market,83019777
104291.9,0.00805,2025-05-13 17:51:59,1747158719.1305194,buy,market,83019782
104291.2,5e-05,2025-05-13 17:52:03,1747158723.0379303,buy,market,83019783
104291.2,0.00500271,2025-05-13 17:52:10,1747158730.579029,buy,market,83019784
104291.2,0.0055,2025-05-13 17:52:13,1747158733.0109181,buy,market,83019785
104291.2,9.589e-05,2025-05-13 17:52:13,1747158733.4210217,buy,market,83019786
104291.2,0.00213396,2025-05-13 17:52:13,1747158733.421022,buy,market,83019787
104291.2,0.00719604,2025-05-13 17:52:14,1747158734.0792825,buy,market,83019788
104291.2,0.00022493,2025-05-13 17:52:24,1747158744.3918467,buy,limit,83019789
104291.2,0.00467733,2025-05-13 17:52:30,1747158750.577984,buy,limit,83019790
104291.2,0.00011446,2025-05-13 17:52:37,1747158757.4922688,buy,market,83019791
104291.2,0.00017774,2025-05-13 17:52:57,1747158777.0203173,buy,limit,83019792
104291.2,0.00027037,2025-05-13 17:52:59,1747158779.0028412,buy,limit,83019793
104291.2,0.004045,2025-05-13 17:53:02,1747158782.4554758,buy,market,83019794
104291.2,5e-05,2025-05-13 17:53:03,1747158783.0427413,buy,market,83019795
104291.1,9.589e-05,2025-05-13 17:53:04,1747158784.4674902,sell,limit,83019796
104291.1,9.178e-05,2025-05-13 17:53:04,1747158784.9003932,sell,limit,83019798
104291.1,4.11e-06,2025-05-13 17:53:04,1747158784.9003932,sell,limit,83019797
104291.1,0.00179706,2025-05-13 17:53:15,1747158795.3715997,sell,limit,83019800
104291.1,0.00090822,2025-05-13 17:53:15,1747158795.3715997,sell,limit,83019799
104291.1,0.0001,2025-05-13 17:53:21,1747158801.6261811,sell,limit,83019805
104291.1,0.000671,2025-05-13 17:53:21,1747158801.6261811,sell,limit,83019803
104291.1,0.006003,2025-05-13 17:53:21,1747158801.6261811,sell,limit,83019804
104291.1,0.0001,2025-05-13 17:53:21,1747158801.6261811,sell,limit,83019802
104291.1,0.0160724,2025-05-13 17:53:21,1747158801.6261811,sell,limit,83019801
104280.0,5.034e-05,2025-05-13 17:53:21,1747158801.6286387,sell,limit,83019806
104269.0,0.0001,2025-05-13 17:53:24,1747158804.7248373,sell,limit,83019808
104269.0,5.035e-05,2025-05-13 17:53:24,1747158804.7248373,sell,limit,83019807
104260.0,0.0013721,2025-05-13 17:53:24,1747158804.7248373,sell,limit,83019810
104269.0,0.0001,2025-05-13 17:53:24,1747158804.7248373,sell,limit,83019809
104258.0,5.035e-05,2025-05-13 17:53:25,1747158805.3139188,sell,limit,83019812
104260.0,0.00180272,2025-05-13 17:53:25,1747158805.3139188,sell,limit,83019811
104253.4,6.676e-05,2025-05-13 17:53:25,1747158805.313919,sell,limit,83019813
104250.1,9.545e-05,2025-05-13 17:53:30,1747158810.0385475,buy,limit,83019814
104250.1,9.45e-06,2025-05-13 17:53:31,1747158811.912217,buy,limit,83019815
104250.1,9.451e-05,2025-05-13 17:53:32,1747158812.037812,buy,limit,83019816
104250.1,0.03601776,2025-05-13 17:53:43,1747158823.1932733,buy,market,83019817
104250.1,0.00037433,2025-05-13 17:54:16,1747158856.2350311,buy,limit,83019818
104250.0,0.00391638,2025-05-13 17:54:17,1747158857.5088155,sell,market,83019819
104250.1,0.0008984,2025-05-13 17:54:21,1747158861.1359267,buy,limit,83019820
104250.0,0.00022,2025-05-13 17:54:29,1747158869.3420734,sell,market,83019821
104250.0,0.001,2025-05-13 17:54:32,1747158872.7976124,sell,market,83019822
104250.0,0.00129651,2025-05-13 17:54:44,1747158884.9068954,sell,limit,83019823
104250.0,9.998e-05,2025-05-13 17:55:02,1747158902.1128318,sell,limit,83019824
104250.1,0.00047253,2025-05-13 17:55:03,1747158903.0435314,buy,limit,83019825
104250.0,0.02346713,2025-05-13 17:55:04,1747158904.667133,sell,limit,83019826
104250.0,0.00800853,2025-05-13 17:55:04,1747158904.667133,sell,limit,83019830
104250.0,0.0001,2025-05-13 17:55:04,1747158904.667133,sell,limit,83019827
104250.0,0.0001,2025-05-13 17:55:04,1747158904.667133,sell,limit,83019828
104250.0,0.001,2025-05-13 17:55:04,1747158904.667133,sell,limit,83019829
104236.0,5.036e-05,2025-05-13 17:55:05,1747158905.2994475,sell,limit,83019832
104247.0,5.036e-05,2025-05-13 17:55:05,1747158905.2994475,sell,limit,83019831
104225.1,0.00487818,2025-05-13 17:55:06,1747158906.321113,buy,limit,83019833
104200.0,0.00016026,2025-05-13 17:55:11,1747158911.6244948,sell,limit,83019841
104225.0,0.0001,2025-05-13 17:55:11,1747158911.6244948,sell,limit,83019836
104204.5,0.00959,2025-05-13 17:55:11,1747158911.6244948,sell,limit,83019839
104214.0,5.037e-05,2025-05-13 17:55:11,1747158911.6244948,sell,limit,83019838
104203.0,5.038e-05,2025-05-13 17:55:11,1747158911.6244948,sell,limit,83019840
104225.0,0.001,2025-05-13 17:55:11,1747158911.6244948,sell,limit,83019837
104225.0,5.037e-05,2025-05-13 17:55:11,1747158911.6244948,sell,limit,83019834
104200.0,0.00348398,2025-05-13 17:55:11,1747158911.6244948,sell,limit,83019842
104225.0,0.0001,2025-05-13 17:55:11,1747158911.6244948,sell,limit,83019835
104200.0,0.00014395,2025-05-13 17:55:40,1747158940.9367576,sell,market,83019843
104200.0,0.0001,2025-05-13 17:55:42,1747158942.8956184,sell,market,83019845
104200.0,0.02948023,2025-05-13 17:55:42,1747158942.8956184,sell,market,83019844
104200.0,0.0001,2025-05-13 17:55:42,1747158942.8956187,sell,market,83019846
104200.0,0.16152267,2025-05-13 17:55:42,1747158942.8956187,sell,market,83019848
104200.0,0.001,2025-05-13 17:55:42,1747158942.8956187,sell,market,83019847
104200.0,0.58803695,2025-05-13 17:55:42,1747158942.8956187,sell,market,83019849
104200.0,0.00479846,2025-05-13 17:55:53,1747158953.2821689,sell,market,83019850
104200.1,0.00877304,2025-05-13 17:55:58,1747158958.0982096,buy,limit,83019851
104200.0,0.0001,2025-05-13 17:56:32,1747158992.3284602,sell,limit,83019853
104200.0,8.825e-05,2025-05-13 17:56:32,1747158992.3284602,sell,limit,83019854
104200.0,0.0001,2025-05-13 17:56:32,1747158992.3284602,sell,limit,83019852
104200.1,0.00035225,2025-05-13 17:56:45,1747159005.9906182,buy,limit,83019856
104200.1,9.595e-05,2025-05-13 17:56:45,1747159005.9906182,buy,limit,83019855
104200.1,0.23992299,2025-05-13 17:56:47,1747159007.787439,buy,market,83019857
104200.0,4.93e-05,2025-05-13 17:56:49,1747159009.3241782,sell,limit,83019858
104200.0,0.015,2025-05-13 17:56:50,1747159010.0935571,sell,limit,83019859
104200.1,0.00234071,2025-05-13 17:56:50,1747159010.9629452,buy,limit,83019860
104200.1,0.00115776,2025-05-13 17:56:54,1747159014.125268,buy,limit,83019861
104200.0,0.00059021,2025-05-13 17:56:56,1747159016.770534,sell,limit,83019862
104200.0,0.01680021,2025-05-13 17:57:12,1747159032.7701075,sell,limit,83019863
104200.0,8.053e-05,2025-05-13 17:57:15,1747159035.8079007,sell,limit,83019864
104200.1,0.00478468,2025-05-13 17:57:19,1747159039.0803685,buy,limit,83019865
104200.0,0.00231922,2025-05-13 17:57:21,1747159041.8825643,sell,limit,83019868
104200.0,0.001,2025-05-13 17:57:21,1747159041.8825643,sell,limit,83019867
104200.0,0.0001,2025-05-13 17:57:21,1747159041.8825643,sell,limit,83019871
104200.0,0.0001,2025-05-13 17:57:21,1747159041.8825643,sell,limit,83019870
104200.0,0.13439506,2025-05-13 17:57:21,1747159041.8825643,sell,limit,83019872
104200.0,0.00248542,2025-05-13 17:57:21,1747159041.8825643,sell,limit,83019869
104200.0,0.0063915,2025-05-13 17:57:21,1747159041.8825643,sell,limit,83019866
104200.1,0.00118111,2025-05-13 17:57:27,1747159047.9988048,buy,limit,83019873
104200.1,1.444e-05,2025-05-13 17:57:37,1747159057.0670595,buy,limit,83019874
104200.1,0.02894867,2025-05-13 17:57:38,1747159058.7278383,buy,limit,83019876
104200.1,0.04814688,2025-05-13 17:57:38,1747159058.7278383,buy,limit,83019877
104200.1,0.01880445,2025-05-13 17:57:38,1747159058.7278383,buy,limit,83019875
104200.1,0.00089883,2025-05-13 17:57:39,1747159059.5460515,buy,limit,83019878
104200.1,0.0155,2025-05-13 17:57:40,1747159060.5817876,buy,limit,83019879
104200.1,0.0959,2025-05-13 17:57:41,1747159061.4279237,buy,limit,83019880
104200.1,0.00108905,2025-05-13 17:57:42,1747159062.8471684,buy,limit,83019881
104200.1,0.001,2025-05-13 17:57:43,1747159063.2214906,buy,limit,83019882
104200.1,0.0128,2025-05-13 17:57:52,1747159072.75027,buy,limit,83019883
104200.1,0.0128,2025-05-13 17:57:53,1747159073.507975,buy,limit,83019884
104200.1,0.0137,2025-05-13 17:57:54,1747159074.5167398,buy,limit,83019885
104200.1,0.05265948,2025-05-13 17:57:55,1747159075.7983754,buy,limit,83019886
104200.1,0.01514052,2025-05-13 17:57:55,1747159075.7983754,buy,limit,83019888
104200.1,0.015,2025-05-13 17:57:55,1747159075.7983754,buy,limit,83019887
104200.1,0.007239,2025-05-13 17:57:59,1747159079.8622103,buy,limit,83019889
104200.1,0.00647122,2025-05-13 17:57:59,1747159079.8622103,buy,limit,83019890
104200.1,1.73e-05,2025-05-13 17:58:01,1747159081.6248078,buy,limit,83019891
104200.1,0.00022513,2025-05-13 17:58:03,1747159083.895782,buy,limit,83019892
104200.0,0.0001,2025-05-13 17:58:08,1747159088.6398215,sell,limit,83019895
104200.0,0.0001,2025-05-13 17:58:08,1747159088.6398215,sell,limit,83019894
104200.0,0.25,2025-05-13 17:58:08,1747159088.6398215,sell,limit,83019896
104200.0,0.2566,2025-05-13 17:58:08,1747159088.6398215,sell,limit,83019898
104200.0,0.2509,2025-05-13 17:58:08,1747159088.6398215,sell,limit,83019899
104200.0,0.04,2025-05-13 17:58:08,1747159088.6398215,sell,limit,83019900
104200.0,0.12076,2025-05-13 17:58:08,1747159088.6398215,sell,limit,83019897
104200.0,0.18559494,2025-05-13 17:58:08,1747159088.6398215,sell,limit,83019893
104200.0,0.09194506,2025-05-13 17:58:08,1747159088.6398218,sell,limit,83019903
104200.0,0.8,2025-05-13 17:58:08,1747159088.6398218,sell,limit,83019902
104200.0,0.004,2025-05-13 17:58:08,1747159088.6398218,sell,limit,83019901
104200.1,0.00234637,2025-05-13 17:58:14,1747159094.4966948,buy,limit,83019904
104213.9,5.038e-05,2025-05-13 17:58:14,1747159094.9816585,buy,limit,83019906
104261.0,9.596e-05,2025-05-13 17:58:14,1747159094.9816585,buy,limit,83019910
104261.1,0.01324752,2025-05-13 17:58:14,1747159094.9816585,buy,limit,83019911
104246.9,5.036e-05,2025-05-13 17:58:14,1747159094.9816585,buy,limit,83019909
104225.0,5.037e-05,2025-05-13 17:58:14,1747159094.9816585,buy,limit,83019907
104210.4,0.00447618,2025-05-13 17:58:14,1747159094.9816585,buy,limit,83019905
104236.0,5.037e-05,2025-05-13 17:58:14,1747159094.9816585,buy,limit,83019908
104250.8,0.00090404,2025-05-13 17:58:15,1747159095.6503978,buy,market,83019913
104250.8,9.596e-05,2025-05-13 17:58:15,1747159095.6503978,buy,market,83019912
104250.7,0.01,2025-05-13 17:58:16,1747159096.6510732,sell,market,83019914
104250.8,9.592e-05,2025-05-13 17:58:17,1747159097.4700468,buy,limit,83019915
104250.8,0.00499729,2025-05-13 17:58:17,1747159097.4700468,buy,limit,83019916
104250.8,0.01150882,2025-05-13 17:58:31,1747159111.4303844,buy,limit,83019917
104250.8,9.592e-05,2025-05-13 17:58:31,1747159111.4303844,buy,limit,83019918
104259.3,0.0072453,2025-05-13 17:58:31,1747159111.4303844,buy,limit,83019920
104258.1,5.036e-05,2025-05-13 17:58:31,1747159111.4303844,buy,limit,83019919
104263.9,0.01632992,2025-05-13 17:58:32,1747159112.967552,buy,market,83019922
104256.1,9.592e-05,2025-05-13 17:58:32,1747159112.967552,buy,market,83019921
104256.1,0.00093583,2025-05-13 17:58:36,1747159116.1071112,buy,limit,83019923
104256.1,0.00024631,2025-05-13 17:58:40,1747159120.5237641,buy,limit,83019924
104256.1,0.00044796,2025-05-13 17:58:50,1747159130.78598,buy,limit,83019925
104256.1,0.000567,2025-05-13 17:59:05,1747159145.0413477,buy,limit,83019926
104272.1,0.1349374,2025-05-13 17:59:06,1747159146.5671,buy,market,83019931
104256.1,0.01430901,2025-05-13 17:59:06,1747159146.5671,buy,market,83019927
104269.0,5.035e-05,2025-05-13 17:59:06,1747159146.5671,buy,market,83019930
104261.1,0.00060733,2025-05-13 17:59:06,1747159146.5671,buy,market,83019929
104256.1,9.591e-05,2025-05-13 17:59:06,1747159146.5671,buy,market,83019928
104264.4,9.591e-05,2025-05-13 17:59:07,1747159147.1281033,buy,limit,83019932
104272.1,0.00084909,2025-05-13 17:59:07,1747159147.1281033,buy,limit,83019933
104272.1,0.01,2025-05-13 17:59:16,1747159156.5864708,buy,market,83019934
104280.1,5.035e-05,2025-05-13 17:59:16,1747159156.647591,buy,market,83019935
104280.1,9.59e-05,2025-05-13 17:59:16,1747159156.647591,buy,market,83019936
104287.5,0.14985375,2025-05-13 17:59:16,1747159156.647591,buy,market,83019937
104288.1,0.235,2025-05-13 17:59:16,1747159156.8809497,sell,limit,83019938
104288.2,2.241e-05,2025-05-13 17:59:19,1747159159.2542274,buy,limit,83019939
104291.0,0.13339799,2025-05-13 17:59:27,1747159167.0572472,buy,market,83019942
104288.2,9.59e-05,2025-05-13 17:59:27,1747159167.0572472,buy,market,83019940
104288.2,0.01650611,2025-05-13 17:59:27,1747159167.0572472,buy,market,83019941
104291.0,1.63e-05,2025-05-13 17:59:43,1747159183.8199356,buy,market,83019944
104291.0,9.589e-05,2025-05-13 17:59:43,1747159183.8199356,buy,market,83019943
104291.0,0.00014312,2025-05-13 17:59:59,1747159199.0523903,buy,limit,83019945
104291.0,0.00022946,2025-05-13 18:00:00,1747159200.072199,buy,limit,83019946
104291.0,9.541e-05,2025-05-13 18:00:00,1747159200.090997,buy,limit,83019947
104290.9,5e-05,2025-05-13 18:00:04,1747159204.2387557,sell,market,83019951
104290.9,0.001,2025-05-13 18:00:04,1747159204.2387557,sell,market,83019950
104290.9,0.01852157,2025-05-13 18:00:04,1747159204.2387557,sell,market,83019952
104290.9,0.0001,2025-05-13 18:00:04,1747159204.2387557,sell,market,83019948
104290.9,0.0001,2025-05-13 18:00:04,1747159204.2387557,sell,market,83019949
104291.0,9.541e-05,2025-05-13 18:00:05,1747159205.0470047,buy,limit,83019953
104290.9,0.02135953,2025-05-13 18:00:06,1747159206.9913533,sell,market,83019954
104291.0,0.00188937,2025-05-13 18:00:11,1747159211.7601888,buy,limit,83019955
104291.0,0.002877,2025-05-13 18:00:12,1747159212.8483357,buy,market,83019956
104291.0,0.002877,2025-05-13 18:00:14,1747159214.1221564,buy,market,83019957
104291.0,0.0013,2025-05-13 18:00:15,1747159215.4595687,buy,limit,83019958
104291.0,9.588e-05,2025-05-13 18:00:17,1747159217.987711,buy,market,83019959
104291.0,0.0007612,2025-05-13 18:00:17,1747159217.987711,buy,market,83019960
104290.9,0.000992,2025-05-13 18:00:21,1747159221.8658123,sell,limit,83019961
104290.9,0.00181823,2025-05-13 18:00:25,1747159225.9920948,sell,limit,83019962
104291.0,0.00218418,2025-05-13 18:00:27,1747159227.040536,buy,limit,83019963
104290.9,0.00994107,2025-05-13 18:00:27,1747159227.1895704,sell,limit,83019964
104291.0,9.588e-05,2025-05-13 18:00:32,1747159232.5654101,buy,market,83019966
104291.0,0.01432193,2025-05-13 18:00:32,1747159232.5654101,buy,market,83019965
104291.0,0.00058219,2025-05-13 18:00:32,1747159232.5654101,buy,market,83019967
104291.0,0.00035299,2025-05-13 18:00:34,1747159234.4907246,buy,market,83019968
104291.0,3.003e-05,2025-05-13 18:00:35,1747159235.3451314,buy,limit,83019969
104291.0,0.00510902,2025-05-13 18:00:38,1747159238.9496891,buy,limit,83019970
104291.0,0.00287615,2025-05-13 18:00:44,1747159244.6986861,buy,market,83019971
104291.0,0.00369211,2025-05-13 18:00:46,1747159246.9760559,buy,limit,83019972
104291.0,1.889e-05,2025-05-13 18:00:56,1747159256.0394626,buy,limit,83019973
104291.0,4.221e-05,2025-05-13 18:00:59,1747159259.754299,buy,limit,83019975
104291.0,9.588e-05,2025-05-13 18:00:59,1747159259.754299,buy,limit,83019974
104291.0,2.646e-05,2025-05-13 18:01:07,1747159267.78497,buy,limit,83019976
104290.9,0.0001,2025-05-13 18:01:09,1747159269.0449915,sell,limit,83019977
104290.9,0.0001,2025-05-13 18:01:09,1747159269.0449915,sell,limit,83019978
104290.9,0.00078283,2025-05-13 18:01:09,1747159269.0449917,sell,limit,83019979
104291.0,3.757e-05,2025-05-13 18:01:23,1747159283.1689632,buy,limit,83019980
104291.0,0.00056054,2025-05-13 18:01:29,1747159289.8415258,buy,market,83019981
104291.0,0.00061055,2025-05-13 18:01:41,1747159301.234638,buy,limit,83019983
104291.0,0.00032492,2025-05-13 18:01:41,1747159301.234638,buy,limit,83019982
104291.0,6.49e-05,2025-05-13 18:01:54,1747159314.6944027,buy,limit,83019984
104290.9,9.589e-05,2025-05-13 18:02:01,1747159321.6649396,sell,limit,83019985
104290.9,9.589e-05,2025-05-13 18:02:05,1747159325.0809505,sell,limit,83019986
104291.0,0.00165934,2025-05-13 18:02:13,1747159333.0436368,buy,limit,83019987
104291.0,9.355e-05,2025-05-13 18:02:26,1747159346.6645923,buy,limit,83019988
104291.0,0.00201902,2025-05-13 18:02:32,1747159352.533113,buy,limit,83019989
104291.0,0.00118602,2025-05-13 18:02:40,1747159360.6837711,buy,limit,83019990
104291.0,0.03385163,2025-05-13 18:02:48,1747159368.7059906,buy,market,83019991
104290.9,0.18656175,2025-05-13 18:02:55,1747159375.7989745,sell,limit,83019995
104290.9,0.0001,2025-05-13 18:02:55,1747159375.7989745,sell,limit,83019993
104290.9,0.0001,2025-05-13 18:02:55,1747159375.7989745,sell,limit,83019994
104290.9,0.001,2025-05-13 18:02:55,1747159375.7989745,sell,limit,83019992
104291.0,9.589e-05,2025-05-13 18:03:01,1747159381.933447,buy,limit,83019997
104291.0,0.01650611,2025-05-13 18:03:01,1747159381.933447,buy,limit,83019996
104291.0,0.18271414,2025-05-13 18:03:01,1747159381.933447,buy,limit,83019998
104291.0,0.00044781,2025-05-13 18:03:16,1747159396.8198037,buy,limit,83019999
104291.0,5.954e-05,2025-05-13 18:03:21,1747159401.2682397,buy,market,83020000
104291.0,5.351e-05,2025-05-13 18:03:21,1747159401.2714603,buy,limit,83020001
104291.0,0.01818283,2025-05-13 18:03:22,1747159402.5956235,buy,limit,83020002
104291.0,9.355e-05,2025-05-13 18:03:35,1747159415.5958061,buy,limit,83020003
104291.0,0.00019887,2025-05-13 18:03:38,1747159418.614261,buy,market,83020004
104290.9,0.01337586,2025-05-13 18:03:43,1747159423.4344988,sell,limit,83020005
104291.0,8.765e-05,2025-05-13 18:03:52,1747159432.6341462,buy,limit,83020006
104291.0,0.00028268,2025-05-13 18:04:09,1747159449.2910779,buy,limit,83020007
104291.0,0.00075618,2025-05-13 18:04:12,1747159452.9550521,buy,market,83020008
104291.0,0.00046113,2025-05-13 18:04:13,1747159453.4318233,buy,limit,83020009
104291.0,0.01650611,2025-05-13 18:04:15,1747159455.223142,buy,limit,83020011
104291.0,0.03666211,2025-05-13 18:04:15,1747159455.223142,buy,limit,83020010
104291.0,0.04263178,2025-05-13 18:04:15,1747159455.223142,buy,limit,83020012
104290.9,0.00049505,2025-05-13 18:04:18,1747159458.1462834,sell,limit,83020013
104291.0,0.0015,2025-05-13 18:04:27,1747159467.1282504,buy,limit,83020014
104291.0,0.01729646,2025-05-13 18:04:36,1747159476.118821,buy,market,83020015
104291.0,0.00709142,2025-05-13 18:04:38,1747159478.838396,buy,limit,83020017
104291.0,0.07930858,2025-05-13 18:04:38,1747159478.838396,buy,limit,83020016
104291.0,0.009,2025-05-13 18:04:50,1747159490.4619675,buy,limit,83020018
104291.0,0.016,2025-05-13 18:04:54,1747159494.077625,sell,limit,83020019
104291.0,0.00189612,2025-05-13 18:04:59,1747159499.1065226,sell,limit,83020020
104291.1,4.413e-05,2025-05-13 18:04:59,1747159499.7789748,buy,limit,83020022
104291.1,4.413e-05,2025-05-13 18:04:59,1747159499.7789748,buy,limit,83020022
104291.1,5.034e-05,2025-05-13 18:04:59,1747159499.7789748,buy,limit,83020021
104291.1,0.0153,2025-05-13 18:05:02,1747159502.3819628,buy,limit,83020023
104298.9,0.00044957,2025-05-13 18:05:05,1747159505.7723613,buy,market,83020024
104298.9,0.0014032,2025-05-13 18:05:11,1747159511.603525,buy,limit,83020025
104298.9,0.00736074,2025-05-13 18:05:13,1747159513.9812462,buy,limit,83020026
104298.9,0.00793926,2025-05-13 18:05:13,1747159513.9812462,buy,limit,83020027
104298.9,0.00856685,2025-05-13 18:05:35,1747159535.085149,buy,limit,83020028
104298.9,0.08723315,2025-05-13 18:05:35,1747159535.085149,buy,limit,83020029
104298.9,0.00798407,2025-05-13 18:05:44,1747159544.9963553,buy,market,83020030
104298.9,0.01650611,2025-05-13 18:05:47,1747159547.148433,buy,limit,83020032
104298.9,0.06857078,2025-05-13 18:05:47,1747159547.148433,buy,limit,83020033
104298.9,0.01032311,2025-05-13 18:05:47,1747159547.148433,buy,limit,83020031
104298.9,0.0105686,2025-05-13 18:05:48,1747159548.1625464,buy,limit,83020034
104300.0,0.0798314,2025-05-13 18:05:58,1747159558.6432836,buy,limit,83020036
104300.0,0.005,2025-05-13 18:05:58,1747159558.6432836,buy,limit,83020035
104300.0,8.851e-05,2025-05-13 18:06:01,1747159561.2049022,buy,limit,83020037
104299.9,0.00287615,2025-05-13 18:06:03,1747159563.8319917,sell,limit,83020038
104301.3,0.00013097,2025-05-13 18:06:10,1747159570.05079,buy,market,83020042
104300.0,0.17008009,2025-05-13 18:06:10,1747159570.05079,buy,market,83020039
104301.3,0.00280466,2025-05-13 18:06:10,1747159570.05079,buy,market,83020043
104300.0,0.01650611,2025-05-13 18:06:10,1747159570.05079,buy,market,83020041
104300.0,0.015,2025-05-13 18:06:10,1747159570.05079,buy,market,83020040
104305.5,0.00953,2025-05-13 18:06:10,1747159570.0507903,buy,market,83020047
104305.5,5e-05,2025-05-13 18:06:10,1747159570.0507903,buy,market,83020046
104302.0,5.033e-05,2025-05-13 18:06:10,1747159570.0507903,buy,market,83020045
104301.3,0.00040523,2025-05-13 18:06:10,1747159570.0507903,buy,market,83020044
104313.0,5.033e-05,2025-05-13 18:06:10,1747159570.0507903,buy,market,83020048
104317.4,5.5e-05,2025-05-13 18:06:10,1747159570.0507903,buy,market,83020049
104324.1,5.032e-05,2025-05-13 18:06:10,1747159570.0507903,buy,market,83020050
104330.0,0.03528696,2025-05-13 18:06:10,1747159570.0507903,buy,market,83020051
104330.0,0.03871402,2025-05-13 18:06:20,1747159580.0313675,buy,limit,83020052
104335.0,5.032e-05,2025-05-13 18:06:20,1747159580.0313675,buy,limit,83020054
104330.0,0.01650611,2025-05-13 18:06:20,1747159580.0313675,buy,limit,83020053
104339.0,0.00037766,2025-05-13 18:06:20,1747159580.0313678,buy,limit,83020055
104343.3,7.478e-05,2025-05-13 18:06:23,1747159583.094153,sell,market,83020056
104345.2,0.0002444,2025-05-13 18:06:26,1747159586.8552377,buy,limit,83020062
104345.0,0.45889381,2025-05-13 18:06:26,1747159586.8552377,buy,limit,83020061
104344.9,9.584e-05,2025-05-13 18:06:26,1747159586.8552377,buy,limit,83020060
104346.1,5.137e-05,2025-05-13 18:06:26,1747159586.8552377,buy,limit,83020063
104343.4,0.0001002,2025-05-13 18:06:26,1747159586.8552377,buy,limit,83020057
104343.4,0.01650611,2025-05-13 18:06:26,1747159586.8552377,buy,limit,83020058
104344.9,0.00011486,2025-05-13 18:06:26,1747159586.8552377,buy,limit,83020059
104348.9,0.0092091,2025-05-13 18:06:26,1747159586.855238,buy,limit,83020064
104348.9,0.00080896,2025-05-13 18:06:26,1747159586.855238,buy,limit,83020065
104357.0,5.14e-05,2025-05-13 18:06:26,1747159586.855238,buy,limit,83020072
104349.4,0.00105598,2025-05-13 18:06:26,1747159586.855238,buy,limit,83020066
104353.5,0.01767943,2025-05-13 18:06:26,1747159586.855238,buy,limit,83020069
104355.3,9.684e-05,2025-05-13 18:06:26,1747159586.855238,buy,limit,83020071
104351.2,0.00080192,2025-05-13 18:06:26,1747159586.855238,buy,limit,83020068
104354.0,0.28748299,2025-05-13 18:06:26,1747159586.855238,buy,limit,83020070
104360.0,0.0436,2025-05-13 18:06:26,1747159586.855238,buy,limit,83020074
104350.9,0.00021305,2025-05-13 18:06:26,1747159586.855238,buy,limit,83020067
104357.1,0.00039476,2025-05-13 18:06:26,1747159586.855238,buy,limit,83020073
104365.9,0.00479101,2025-05-13 18:06:28,1747159588.0631323,sell,limit,83020075
104365.9,0.00014588,2025-05-13 18:06:28,1747159588.0658417,sell,limit,83020076
104366.0,0.00497741,2025-05-13 18:06:30,1747159590.6765816,buy,limit,83020077
104366.0,0.00714397,2025-05-13 18:06:30,1747159590.6765819,buy,limit,83020082
104366.0,0.01650611,2025-05-13 18:06:30,1747159590.6765819,buy,limit,83020080
104366.0,0.004,2025-05-13 18:06:30,1747159590.6765819,buy,limit,83020081
104366.0,0.01767667,2025-05-13 18:06:30,1747159590.6765819,buy,limit,83020078
104366.0,9.584e-05,2025-05-13 18:06:30,1747159590.6765819,buy,limit,83020079
104366.0,0.0004928,2025-05-13 18:06:43,1747159603.555001,buy,limit,83020083
104366.0,2.832e-05,2025-05-13 18:06:46,1747159606.0366836,buy,limit,83020084
104366.0,9.582e-05,2025-05-13 18:06:47,1747159607.36257,buy,market,83020085
104366.0,0.01726623,2025-05-13 18:06:49,1747159609.2728703,buy,market,83020086
104366.0,0.01650611,2025-05-13 18:06:52,1747159612.3762333,buy,limit,83020088
104366.0,9.582e-05,2025-05-13 18:06:52,1747159612.3762333,buy,limit,83020087
104366.1,3.655e-05,2025-05-13 18:06:54,1747159614.2135987,buy,limit,83020089
104366.1,0.01039807,2025-05-13 18:07:02,1747159622.9021025,buy,limit,83020090
104366.0,4.863e-05,2025-05-13 18:07:12,1747159632.600763,sell,limit,83020091
104366.1,0.00037618,2025-05-13 18:07:13,1747159633.0375717,buy,limit,83020093
104366.1,9.582e-05,2025-05-13 18:07:13,1747159633.0375717,buy,limit,83020092
104366.0,0.00029465,2025-05-13 18:07:13,1747159633.2757144,sell,limit,83020094
104366.1,9.758e-05,2025-05-13 18:07:20,1747159640.7421596,buy,limit,83020095
104366.1,0.005,2025-05-13 18:07:22,1747159642.9942362,buy,limit,83020096
104366.1,0.001,2025-05-13 18:07:24,1747159644.6520412,buy,limit,83020097
104366.0,7.323e-05,2025-05-13 18:07:25,1747159645.0501802,sell,market,83020098
104366.1,0.0099,2025-05-13 18:07:25,1747159645.5122585,buy,limit,83020099
104366.0,0.00018126,2025-05-13 18:07:27,1747159647.4574864,sell,market,83020100
104368.0,5.137e-05,2025-05-13 18:07:31,1747159651.8616986,buy,limit,83020103
104380.0,0.28741138,2025-05-13 18:07:31,1747159651.8616986,buy,limit,83020109
104376.7,0.00017245,2025-05-13 18:07:31,1747159651.8616986,buy,limit,83020106
104378.5,0.01767392,2025-05-13 18:07:31,1747159651.8616986,buy,limit,83020107
104378.9,5.137e-05,2025-05-13 18:07:31,1747159651.8616986,buy,limit,83020108
104387.0,0.10205145,2025-05-13 18:07:31,1747159651.8616986,buy,limit,83020111
104366.1,0.01650611,2025-05-13 18:07:31,1747159651.8616986,buy,limit,83020102
104369.6,0.0273982,2025-05-13 18:07:31,1747159651.8616986,buy,limit,83020104
104366.1,9.582e-05,2025-05-13 18:07:31,1747159651.8616986,buy,limit,83020101
104371.0,0.01021106,2025-05-13 18:07:31,1747159651.8616986,buy,limit,83020105
104386.2,0.00087709,2025-05-13 18:07:31,1747159651.8616986,buy,limit,83020110
104386.9,0.000313,2025-05-13 18:07:32,1747159652.3514009,sell,limit,83020112
104387.0,0.0163,2025-05-13 18:07:37,1747159657.0955265,buy,limit,83020113
104386.9,5.25e-05,2025-05-13 18:07:48,1747159668.5290267,sell,market,83020114
104387.0,0.00047191,2025-05-13 18:07:48,1747159668.8573444,buy,limit,83020115
104387.0,0.0128,2025-05-13 18:07:48,1747159668.9077573,buy,limit,83020116
104386.9,0.0009901,2025-05-13 18:07:56,1747159676.3243666,sell,limit,83020117
104387.0,0.00188299,2025-05-13 18:08:00,1747159680.3842995,buy,limit,83020118
104387.0,0.00722549,2025-05-13 18:08:02,1747159682.7129135,buy,market,83020119
104387.0,5.949e-05,2025-05-13 18:08:06,1747159686.2133746,buy,market,83020120
104387.0,0.00086198,2025-05-13 18:08:11,1747159691.2072034,buy,market,83020121
104386.9,0.00108012,2025-05-13 18:08:11,1747159691.3298244,sell,limit,83020122
104386.9,0.01552268,2025-05-13 18:08:13,1747159693.0641966,sell,limit,83020123
104387.0,0.0957,2025-05-13 18:08:15,1747159695.2661378,buy,limit,83020124
104387.0,0.0957,2025-05-13 18:08:17,1747159697.0137913,buy,limit,83020125
104387.0,0.0941,2025-05-13 18:08:17,1747159697.8848681,buy,limit,83020126
104387.0,0.00625139,2025-05-13 18:08:29,1747159709.1064513,buy,limit,83020130
104387.0,0.01650611,2025-05-13 18:08:29,1747159709.1064513,buy,limit,83020129
104387.0,0.07284669,2025-05-13 18:08:29,1747159709.1064513,buy,limit,83020127
104387.0,9.581e-05,2025-05-13 18:08:29,1747159709.1064513,buy,limit,83020128
104387.0,0.0957,2025-05-13 18:08:30,1747159710.4355733,buy,limit,83020131
104387.0,0.0094,2025-05-13 18:08:42,1747159722.2406883,buy,limit,83020132
104387.0,0.0009,2025-05-13 18:08:43,1747159723.0623841,buy,limit,83020133
104392.7,1.6402722,2025-05-13 18:08:49,1747159729.2223651,buy,limit,83020142
104390.1,0.00024297,2025-05-13 18:08:49,1747159729.2223651,buy,limit,83020139
104390.1,5.137e-05,2025-05-13 18:08:49,1747159729.2223651,buy,limit,83020140
104391.1,0.01781252,2025-05-13 18:08:49,1747159729.2223651,buy,limit,83020141
104387.0,0.05931761,2025-05-13 18:08:49,1747159729.2223651,buy,limit,83020136
104387.0,0.01650611,2025-05-13 18:08:49,1747159729.2223651,buy,limit,83020138
104387.0,0.00638381,2025-05-13 18:08:49,1747159729.2223651,buy,limit,83020134
104387.0,0.0593176,2025-05-13 18:08:49,1747159729.2223651,buy,limit,83020135
104387.0,9.581e-05,2025-05-13 18:08:49,1747159729.2223651,buy,limit,83020137
104391.9,0.00194074,2025-05-13 18:08:53,1747159733.5435917,sell,market,83020144
104391.9,0.00384615,2025-05-13 18:08:53,1747159733.5435917,sell,market,83020143
104392.0,9.579e-05,2025-05-13 18:08:54,1747159734.6172304,buy,limit,83020145
104392.0,0.00080421,2025-05-13 18:08:54,1747159734.6172304,buy,limit,83020146
104392.0,0.00222303,2025-05-13 18:09:03,1747159743.4492855,buy,market,83020147
104392.0,9.749e-05,2025-05-13 18:09:04,1747159744.897043,buy,limit,83020148
104391.9,0.00010951,2025-05-13 18:09:08,1747159748.8178017,sell,limit,83020151
104391.9,0.0001,2025-05-13 18:09:08,1747159748.8178017,sell,limit,83020150
104391.9,0.0001,2025-05-13 18:09:08,1747159748.8178017,sell,limit,83020149
104392.0,0.00670549,2025-05-13 18:09:10,1747159750.2348123,buy,market,83020152
104391.9,0.00047567,2025-05-13 18:09:22,1747159762.7103815,sell,limit,83020158
104391.9,0.0001,2025-05-13 18:09:22,1747159762.7103815,sell,limit,83020156
104391.9,0.0001,2025-05-13 18:09:22,1747159762.7103815,sell,limit,83020155
104391.9,0.00751149,2025-05-13 18:09:22,1747159762.7103815,sell,limit,83020153
104391.9,0.04,2025-05-13 18:09:22,1747159762.7103815,sell,limit,83020154
104391.9,0.0019,2025-05-13 18:09:22,1747159762.7103815,sell,limit,83020159
104387.9,0.24865,2025-05-13 18:09:22,1747159762.7103815,sell,limit,83020160
104391.9,1.17,2025-05-13 18:09:22,1747159762.7103815,sell,limit,83020157
104386.9,0.03819185,2025-05-13 18:09:22,1747159762.7103817,sell,limit,83020162
104387.7,0.293071,2025-05-13 18:09:22,1747159762.7103817,sell,limit,83020161
104387.0,0.00094382,2025-05-13 18:09:24,1747159764.037275,buy,limit,83020163
104387.0,0.0063313,2025-05-13 18:09:26,1747159766.026913,buy,limit,83020164
104387.0,9.579e-05,2025-05-13 18:09:26,1747159766.753682,buy,limit,83020166
104387.0,0.00923099,2025-05-13 18:09:26,1747159766.753682,buy,limit,83020165
104397.3,9.58e-05,2025-05-13 18:09:35,1747159775.3661351,buy,limit,83020168
104397.3,9.8e-05,2025-05-13 18:09:35,1747159775.3661351,buy,limit,83020167
104397.3,0.00354463,2025-05-13 18:09:35,1747159775.3661351,buy,limit,83020169
104397.3,0.00477753,2025-05-13 18:09:37,1747159777.0721922,buy,market,83020170
104397.3,0.00507322,2025-05-13 18:09:37,1747159777.3499258,buy,limit,83020171
104397.3,0.00108773,2025-05-13 18:09:38,1747159778.9356866,buy,limit,83020172
104397.2,0.0001,2025-05-13 18:09:43,1747159783.351331,sell,market,83020173
104386.9,0.01057434,2025-05-13 18:09:43,1747159783.351331,sell,market,83020175
104397.2,0.0001,2025-05-13 18:09:43,1747159783.351331,sell,market,83020174
104387.0,9.579e-05,2025-05-13 18:09:44,1747159784.1571841,buy,market,83020176
104387.0,0.0001095,2025-05-13 18:09:44,1747159784.1571841,buy,market,83020177
104387.0,0.01639661,2025-05-13 18:09:49,1747159789.4662602,buy,limit,83020178
104387.0,0.04093542,2025-05-13 18:09:49,1747159789.4662602,buy,limit,83020179
104386.9,0.00029401,2025-05-13 18:09:50,1747159790.502636,sell,limit,83020180
104386.9,9.721e-05,2025-05-13 18:10:03,1747159803.269877,sell,market,83020183
104386.9,9.721e-05,2025-05-13 18:10:03,1747159803.269877,sell,market,83020182
104386.9,9.721e-05,2025-05-13 18:10:03,1747159803.269877,sell,market,83020184
104386.9,9.721e-05,2025-05-13 18:10:03,1747159803.269877,sell,market,83020181
104386.9,9.723e-05,2025-05-13 18:10:03,1747159803.269877,sell,market,83020187
104386.9,0.00082567,2025-05-13 18:10:03,1747159803.269877,sell,market,83020186
104386.9,9.723e-05,2025-05-13 18:10:03,1747159803.269877,sell,market,83020188
104386.9,9.721e-05,2025-05-13 18:10:03,1747159803.269877,sell,market,83020185
104386.9,0.022,2025-05-13 18:10:03,1747159803.2698772,sell,market,83020191
104386.9,9.723e-05,2025-05-13 18:10:03,1747159803.2698772,sell,market,83020190
104386.9,0.00039582,2025-05-13 18:10:03,1747159803.2698772,sell,market,83020192
104386.9,9.723e-05,2025-05-13 18:10:03,1747159803.2698772,sell,market,83020189
104386.9,0.02473666,2025-05-13 18:10:03,1747159803.2698772,sell,market,83020205
104386.9,9.724e-05,2025-05-13 18:10:03,1747159803.2698772,sell,market,83020195
104386.9,9.724e-05,2025-05-13 18:10:03,1747159803.2698772,sell,market,83020196
104386.9,9.724e-05,2025-05-13 18:10:03,1747159803.2698772,sell,market,83020197
104386.9,9.724e-05,2025-05-13 18:10:03,1747159803.2698772,sell,market,83020199
104386.9,9.724e-05,2025-05-13 18:10:03,1747159803.2698772,sell,market,83020198
104386.9,9.724e-05,2025-05-13 18:10:03,1747159803.2698772,sell,market,83020200
104386.9,9.724e-05,2025-05-13 18:10:03,1747159803.2698772,sell,market,83020201
104386.9,9.724e-05,2025-05-13 18:10:03,1747159803.2698772,sell,market,83020203
104386.9,9.724e-05,2025-05-13 18:10:03,1747159803.2698772,sell,market,83020202
104386.9,9.724e-05,2025-05-13 18:10:03,1747159803.2698772,sell,market,83020204
104386.9,9.724e-05,2025-05-13 18:10:03,1747159803.2698772,sell,market,83020194
104386.9,9.724e-05,2025-05-13 18:10:03,1747159803.2698772,sell,market,83020193
104386.9,0.00094188,2025-05-13 18:10:07,1747159807.7557635,sell,limit,83020206
104387.0,0.01728279,2025-05-13 18:10:08,1747159808.2405965,buy,market,83020207
104387.0,0.00028356,2025-05-13 18:10:26,1747159826.6318111,buy,market,83020208
104387.0,0.00729724,2025-05-13 18:10:29,1747159829.2526917,buy,limit,83020209
104387.0,0.00062058,2025-05-13 18:10:30,1747159830.3755348,buy,market,83020210
104387.0,0.0027,2025-05-13 18:10:45,1747159845.2404141,buy,limit,83020211
104387.0,9.579e-05,2025-05-13 18:10:46,1747159846.72145,buy,limit,83020212
104387.0,0.00100421,2025-05-13 18:10:46,1747159846.72145,buy,limit,83020213
104387.0,0.0151,2025-05-13 18:10:47,1747159847.4881382,buy,limit,83020214
104387.0,9.346e-05,2025-05-13 18:10:47,1747159847.5717165,buy,limit,83020215
104387.0,9.579e-05,2025-05-13 18:10:48,1747159848.4759421,buy,limit,83020218
104387.0,0.01900912,2025-05-13 18:10:48,1747159848.4759421,buy,limit,83020216
104387.0,0.008425,2025-05-13 18:10:48,1747159848.4759421,buy,limit,83020217
104394.7,0.00327185,2025-05-13 18:10:49,1747159849.7448244,buy,market,83020220
104394.7,9.58e-05,2025-05-13 18:10:49,1747159849.7448244,buy,market,83020219
104399.8,0.04563534,2025-05-13 18:10:58,1747159858.9069197,buy,limit,83020224
104394.7,9.58e-05,2025-05-13 18:10:58,1747159858.9069197,buy,limit,83020222
104398.9,0.00920469,2025-05-13 18:10:58,1747159858.9069197,buy,limit,83020223
104394.7,0.01323426,2025-05-13 18:10:58,1747159858.9069197,buy,limit,83020221
104394.7,9.579e-05,2025-05-13 18:11:07,1747159867.399929,buy,limit,83020225
104394.7,0.00130602,2025-05-13 18:11:07,1747159867.399929,buy,limit,83020226
104394.7,0.00048633,2025-05-13 18:11:10,1747159870.2680502,buy,market,83020227
104394.7,0.0009,2025-05-13 18:11:20,1747159880.499086,buy,limit,83020228
104394.7,0.00161704,2025-05-13 18:11:24,1747159884.9120688,buy,limit,83020229
104394.7,0.0117,2025-05-13 18:11:32,1747159892.124365,buy,limit,83020230
104394.7,9.579e-05,2025-05-13 18:11:33,1747159893.0035913,buy,limit,83020231
104399.9,0.00076628,2025-05-13 18:11:40,1747159900.9852772,sell,market,83020232
104400.0,0.01160421,2025-05-13 18:11:43,1747159903.4403555,buy,limit,83020233
104399.9,0.00018955,2025-05-13 18:11:46,1747159906.6539872,sell,limit,83020234
104400.0,0.30012269,2025-05-13 18:11:50,1747159910.6868339,buy,limit,83020236
104400.0,0.00987731,2025-05-13 18:11:50,1747159910.6868339,buy,limit,83020235
104400.0,0.2,2025-05-13 18:11:54,1747159914.368743,buy,market,83020237
104400.0,0.00016808,2025-05-13 18:12:03,1747159923.8877099,buy,market,83020238
104400.0,0.0027,2025-05-13 18:12:05,1747159925.1924267,buy,limit,83020239
104400.0,0.0957,2025-05-13 18:12:06,1747159926.0836403,buy,limit,83020240
104400.0,0.0957,2025-05-13 18:12:07,1747159927.610805,buy,limit,83020241
104399.9,0.31,2025-05-13 18:12:09,1747159929.9010534,sell,limit,83020242
104400.0,0.00045175,2025-05-13 18:12:10,1747159930.8850873,buy,limit,83020243
104400.0,0.00334875,2025-05-13 18:12:17,1747159937.772843,buy,limit,83020244
104400.0,0.0957,2025-05-13 18:12:19,1747159939.3652956,buy,limit,83020245
104400.0,0.0151,2025-05-13 18:12:20,1747159940.363827,buy,limit,83020246
104400.0,0.0957,2025-05-13 18:12:21,1747159941.7953432,buy,limit,83020247
104400.0,0.00050451,2025-05-13 18:12:24,1747159944.8120441,buy,market,83020248
104399.9,0.00340323,2025-05-13 18:12:36,1747159956.8202105,sell,market,83020253
104399.9,0.00058536,2025-05-13 18:12:36,1747159956.8202105,sell,market,83020250
104399.9,0.00098338,2025-05-13 18:12:36,1747159956.8202105,sell,market,83020251
104399.9,0.00098259,2025-05-13 18:12:36,1747159956.8202105,sell,market,83020252
104399.9,0.00965165,2025-05-13 18:12:36,1747159956.8202105,sell,market,83020255
104399.9,0.00325475,2025-05-13 18:12:36,1747159956.8202105,sell,market,83020254
104399.9,0.00014,2025-05-13 18:12:36,1747159956.8202105,sell,market,83020257
104399.9,0.00058484,2025-05-13 18:12:36,1747159956.8202105,sell,market,83020249
104399.9,0.00154447,2025-05-13 18:12:36,1747159956.8202105,sell,market,83020259
104399.9,0.000438,2025-05-13 18:12:36,1747159956.8202105,sell,market,83020258
104399.9,0.00034,2025-05-13 18:12:36,1747159956.8202105,sell,market,83020256
104399.9,0.00248428,2025-05-13 18:12:36,1747159956.8202107,sell,market,83020267
104399.9,8.836e-05,2025-05-13 18:12:36,1747159956.8202107,sell,market,83020263
104399.9,0.000124,2025-05-13 18:12:36,1747159956.8202107,sell,market,83020262
104399.9,0.000114,2025-05-13 18:12:36,1747159956.8202107,sell,market,83020260
104399.9,0.000674,2025-05-13 18:12:36,1747159956.8202107,sell,market,83020261
104399.9,0.004,2025-05-13 18:12:36,1747159956.8202107,sell,market,83020266
104399.9,0.0035,2025-05-13 18:12:36,1747159956.8202107,sell,market,83020265
104399.9,0.00585418,2025-05-13 18:12:36,1747159956.8202107,sell,market,83020264
104399.9,0.03751572,2025-05-13 18:12:37,1747159957.1000626,sell,limit,83020268
104399.9,0.23495123,2025-05-13 18:12:37,1747159957.1000628,sell,limit,83020272
104399.9,0.0001,2025-05-13 18:12:37,1747159957.1000628,sell,limit,83020270
104399.9,0.019,2025-05-13 18:12:37,1747159957.1000628,sell,limit,83020271
104399.9,0.0001,2025-05-13 18:12:37,1747159957.1000628,sell,limit,83020269
104400.0,0.02724494,2025-05-13 18:12:37,1747159957.1925316,buy,market,83020273
104399.9,0.0025,2025-05-13 18:12:40,1747159960.4604998,sell,market,83020274
104400.0,0.00031019,2025-05-13 18:12:43,1747159963.0937693,buy,limit,83020275
104400.0,0.00023433,2025-05-13 18:12:49,1747159969.717991,buy,limit,83020276
104400.0,0.0024261,2025-05-13 18:12:55,1747159975.0703697,buy,market,83020277
104400.0,0.0001869,2025-05-13 18:12:58,1747159978.3305714,buy,limit,83020278
104399.9,0.0003488,2025-05-13 18:12:58,1747159978.4317942,sell,limit,83020279
104400.0,0.00043949,2025-05-13 18:13:03,1747159983.5717552,buy,limit,83020280
104399.9,0.00042753,2025-05-13 18:13:05,1747159985.7292726,sell,limit,83020281
104400.0,5.948e-05,2025-05-13 18:13:11,1747159991.3549395,buy,market,83020282
104400.0,0.01726197,2025-05-13 18:13:18,1747159998.628191,buy,market,83020283
104400.0,0.0172826,2025-05-13 18:13:23,1747160003.9164362,buy,market,83020284
104400.0,0.00057646,2025-05-13 18:13:25,1747160005.2262716,buy,limit,83020285
104399.9,9.82e-06,2025-05-13 18:13:42,1747160022.1417432,sell,limit,83020286
104400.0,0.00026297,2025-05-13 18:13:54,1747160034.9327216,buy,limit,83020287
104400.0,0.02528075,2025-05-13 18:13:56,1747160036.9984322,buy,market,83020288
104400.0,0.02630263,2025-05-13 18:14:08,1747160048.344482,buy,market,83020290
104400.0,0.00175652,2025-05-13 18:14:08,1747160048.344482,buy,market,83020289
104400.0,0.00018874,2025-05-13 18:14:10,1747160050.2627509,buy,limit,83020291
104400.0,0.0957,2025-05-13 18:14:17,1747160057.8668962,buy,limit,83020292
104400.0,0.0957,2025-05-13 18:14:19,1747160059.5992775,buy,limit,83020293
104400.0,0.00098284,2025-05-13 18:14:19,1747160059.7882934,buy,market,83020294
104400.0,0.0957,2025-05-13 18:14:20,1747160060.644062,buy,limit,83020295
104400.0,0.0957,2025-05-13 18:14:22,1747160062.1500742,buy,limit,83020296
104400.0,0.0957,2025-05-13 18:14:23,1747160063.0639908,buy,limit,83020297
104400.0,2.831e-05,2025-05-13 18:14:28,1747160068.0438106,buy,limit,83020298
104400.0,5.748e-05,2025-05-13 18:14:29,1747160069.3094485,buy,market,83020299
104399.9,0.0001,2025-05-13 18:14:34,1747160074.0759501,sell,limit,83020302
104399.9,0.0002525,2025-05-13 18:14:34,1747160074.0759501,sell,limit,83020300
104399.9,0.0001,2025-05-13 18:14:34,1747160074.0759501,sell,limit,83020301
104399.9,0.00035153,2025-05-13 18:14:34,1747160074.0759501,sell,limit,83020303
104399.9,0.00442684,2025-05-13 18:14:34,1747160074.0759501,sell,limit,83020304
104400.0,0.0173,2025-05-13 18:14:34,1747160074.6942742,buy,limit,83020305
104400.0,0.02090681,2025-05-13 18:14:35,1747160075.7074406,buy,market,83020311
104400.0,0.05227302,2025-05-13 18:14:35,1747160075.7074406,buy,market,83020306
104400.0,0.00014104,2025-05-13 18:14:35,1747160075.7074406,buy,market,83020307
104400.0,0.054,2025-05-13 18:14:35,1747160075.7074406,buy,market,83020308
104400.0,0.01650611,2025-05-13 18:14:35,1747160075.7074406,buy,market,83020310
104400.0,9.579e-05,2025-05-13 18:14:35,1747160075.7074406,buy,market,83020309
104400.0,0.00478927,2025-05-13 18:14:36,1747160076.2660518,buy,market,83020312
104400.0,0.00041998,2025-05-13 18:14:36,1747160076.347218,buy,market,83020313
104400.0,0.00011982,2025-05-13 18:14:37,1747160077.736193,buy,market,83020314
104400.0,0.01149425,2025-05-13 18:14:38,1747160078.6876233,buy,limit,83020315
104400.0,0.00224624,2025-05-13 18:14:44,1747160084.8343492,buy,limit,83020316
