price,volume,time,timestamp,type,order_type,trade_id
104355.8,0.00304926,2025-05-13 19:03:19,1747162999.3210142,buy,limit,83021359
104355.8,0.0128,2025-05-13 19:03:21,1747163001.3697126,buy,limit,83021360
104355.8,0.0128,2025-05-13 19:03:22,1747163002.8620777,buy,limit,83021361
104355.8,0.0958,2025-05-13 19:03:23,1747163003.7886417,buy,limit,83021362
104355.8,0.00011987,2025-05-13 19:03:25,1747163005.3713863,buy,market,83021363
104355.7,0.000129,2025-05-13 19:03:28,1747163008.749559,sell,limit,83021364
104355.8,0.0024018,2025-05-13 19:03:39,1747163019.5846274,buy,limit,83021365
104355.7,1e-05,2025-05-13 19:03:48,1747163028.9949121,sell,limit,83021366
104355.8,0.00597606,2025-05-13 19:03:50,1747163030.6223416,buy,limit,83021367
104355.8,0.00701166,2025-05-13 19:03:53,1747163033.023861,buy,limit,83021368
104355.7,0.0100678,2025-05-13 19:03:55,1747163035.7055044,sell,market,83021369
104355.7,0.00240767,2025-05-13 19:03:56,1747163036.6839225,sell,limit,83021370
104355.7,0.0001,2025-05-13 19:03:56,1747163036.6839225,sell,limit,83021372
104355.7,0.0001,2025-05-13 19:03:56,1747163036.6839225,sell,limit,83021371
104355.7,0.00597356,2025-05-13 19:03:56,1747163036.6839225,sell,limit,83021374
104355.7,0.001,2025-05-13 19:03:56,1747163036.6839225,sell,limit,83021373
104355.8,0.00028605,2025-05-13 19:03:59,1747163039.038719,buy,limit,83021375
104355.8,0.00018882,2025-05-13 19:04:00,1747163040.8401437,buy,limit,83021376
104355.8,9.441e-05,2025-05-13 19:04:01,1747163041.777082,buy,limit,83021377
104355.7,0.001,2025-05-13 19:04:11,1747163051.1405892,sell,market,83021378
104355.8,0.00017763,2025-05-13 19:04:12,1747163052.748531,buy,limit,83021379
104355.7,0.0001,2025-05-13 19:04:25,1747163065.1567159,sell,limit,83021380
104355.7,0.0001,2025-05-13 19:04:25,1747163065.1567159,sell,limit,83021382
104355.7,0.0001,2025-05-13 19:04:25,1747163065.1567159,sell,limit,83021381
104355.7,0.00169276,2025-05-13 19:04:25,1747163065.156716,sell,limit,83021384
104355.7,0.001,2025-05-13 19:04:25,1747163065.156716,sell,limit,83021383
104355.7,0.01200724,2025-05-13 19:04:25,1747163065.156716,sell,limit,83021385
104355.8,0.00369888,2025-05-13 19:04:38,1747163078.4428406,buy,market,83021386
104355.8,0.00119782,2025-05-13 19:05:15,1747163115.8082805,buy,market,83021387
104355.8,0.00026756,2025-05-13 19:05:18,1747163118.1756816,buy,limit,83021388
104355.7,0.001,2025-05-13 19:05:22,1747163122.0569613,sell,limit,83021391
104355.7,0.0001,2025-05-13 19:05:22,1747163122.0569613,sell,limit,83021390
104355.7,0.00071466,2025-05-13 19:05:22,1747163122.0569613,sell,limit,83021392
104355.7,0.0001,2025-05-13 19:05:22,1747163122.0569613,sell,limit,83021389
104355.7,0.00158535,2025-05-13 19:05:25,1747163125.9795895,sell,limit,83021393
104355.7,0.00158535,2025-05-13 19:05:27,1747163127.0340188,sell,limit,83021394
104355.7,0.00158535,2025-05-13 19:05:29,1747163129.8097394,sell,limit,83021395
104355.7,0.00027885,2025-05-13 19:05:31,1747163131.0220976,sell,limit,83021396
104355.0,0.0011065,2025-05-13 19:05:31,1747163131.0220976,sell,limit,83021399
104355.7,0.0001,2025-05-13 19:05:31,1747163131.0220976,sell,limit,83021398
104355.7,0.0001,2025-05-13 19:05:31,1747163131.0220976,sell,limit,83021397
104355.1,0.00807282,2025-05-13 19:05:33,1747163133.728077,buy,market,83021400
104355.0,0.00158535,2025-05-13 19:05:33,1747163133.976927,sell,limit,83021401
104355.0,0.00158535,2025-05-13 19:05:39,1747163139.1730938,sell,limit,83021402
104355.0,0.00158535,2025-05-13 19:05:40,1747163140.5961285,sell,limit,83021403
104355.0,0.00158535,2025-05-13 19:05:43,1747163143.2828956,sell,limit,83021404
104355.0,0.04972088,2025-05-13 19:05:48,1747163148.23051,sell,limit,83021405
104355.0,0.00027912,2025-05-13 19:05:48,1747163148.23051,sell,limit,83021406
104355.0,0.00072088,2025-05-13 19:05:51,1747163151.2564068,sell,limit,83021407
104355.0,0.0001,2025-05-13 19:05:51,1747163151.2564068,sell,limit,83021408
104355.0,0.0001,2025-05-13 19:05:51,1747163151.2564068,sell,limit,83021409
104339.7,0.00066447,2025-05-13 19:05:51,1747163151.2564068,sell,limit,83021410
104339.7,0.00029393,2025-05-13 19:05:52,1747163152.7790134,sell,limit,83021411
104335.0,5.031e-05,2025-05-13 19:05:52,1747163152.7790134,sell,limit,83021412
104331.8,6.854e-05,2025-05-13 19:05:52,1747163152.7790136,sell,limit,83021413
104324.0,5.032e-05,2025-05-13 19:05:52,1747163152.7790136,sell,limit,83021414
104321.1,0.00112225,2025-05-13 19:05:52,1747163152.7790136,sell,limit,83021415
104321.2,0.01079214,2025-05-13 19:05:54,1747163154.981006,buy,market,83021416
104321.1,0.00158535,2025-05-13 19:05:55,1747163155.4443204,sell,limit,83021417
104321.2,0.00014023,2025-05-13 19:05:56,1747163156.2404664,buy,limit,83021418
104321.1,0.00158535,2025-05-13 19:05:56,1747163156.8201668,sell,limit,83021419
104321.2,9.444e-05,2025-05-13 19:05:57,1747163157.0134509,buy,limit,83021420
104321.2,0.00047205,2025-05-13 19:05:57,1747163157.963933,buy,limit,83021421
104321.1,0.00158535,2025-05-13 19:05:58,1747163158.1005843,sell,limit,83021422
104321.1,0.00158535,2025-05-13 19:05:59,1747163159.3557918,sell,limit,83021423
104321.2,0.02924522,2025-05-13 19:06:00,1747163160.557093,buy,limit,83021424
104321.1,0.00158535,2025-05-13 19:06:00,1747163160.5899103,sell,limit,83021425
104321.1,0.00158535,2025-05-13 19:06:02,1747163162.0197182,sell,limit,83021426
104321.1,0.00158535,2025-05-13 19:06:04,1747163164.882794,sell,limit,83021427
104321.1,0.00158535,2025-05-13 19:06:06,1747163166.1777933,sell,limit,83021428
104321.2,0.00033955,2025-05-13 19:06:06,1747163166.3191056,buy,limit,83021429
104321.1,0.0001,2025-05-13 19:06:07,1747163167.0326521,sell,limit,83021431
104321.1,0.01812989,2025-05-13 19:06:07,1747163167.0326521,sell,limit,83021430
104321.1,0.00941262,2025-05-13 19:06:07,1747163167.0326521,sell,limit,83021434
104321.1,0.001,2025-05-13 19:06:07,1747163167.0326521,sell,limit,83021432
104321.1,0.0001,2025-05-13 19:06:07,1747163167.0326521,sell,limit,83021433
104321.1,0.00166102,2025-05-13 19:06:08,1747163168.2411718,sell,limit,83021435
104321.1,0.04,2025-05-13 19:06:09,1747163169.6801786,sell,market,83021437
104321.1,0.004,2025-05-13 19:06:09,1747163169.6801786,sell,market,83021436
104321.1,0.14133,2025-05-13 19:06:09,1747163169.6801786,sell,market,83021438
104312.8,9.586e-05,2025-05-13 19:06:09,1747163169.6801789,sell,market,83021450
104313.0,5.032e-05,2025-05-13 19:06:09,1747163169.6801789,sell,market,83021449
104316.1,2.39656085,2025-05-13 19:06:09,1747163169.6801789,sell,market,83021448
104317.0,0.03164897,2025-05-13 19:06:09,1747163169.6801789,sell,market,83021447
104321.0,0.006,2025-05-13 19:06:09,1747163169.6801789,sell,market,83021446
104321.0,0.001,2025-05-13 19:06:09,1747163169.6801789,sell,market,83021445
104321.1,0.24685035,2025-05-13 19:06:09,1747163169.6801789,sell,market,83021444
104321.1,0.0001,2025-05-13 19:06:09,1747163169.6801789,sell,market,83021443
104312.7,1.07591499,2025-05-13 19:06:09,1747163169.6801789,sell,market,83021451
104321.1,0.00214759,2025-05-13 19:06:09,1747163169.6801789,sell,market,83021441
104321.1,0.00415061,2025-05-13 19:06:09,1747163169.6801789,sell,market,83021440
104321.1,0.0149,2025-05-13 19:06:09,1747163169.6801789,sell,market,83021439
104321.1,0.0001,2025-05-13 19:06:09,1747163169.6801789,sell,market,83021442
104307.2,0.00033383,2025-05-13 19:06:14,1747163174.2118738,buy,limit,83021452
104307.1,3.619e-05,2025-05-13 19:06:16,1747163176.6558785,sell,limit,83021453
104307.1,6.381e-05,2025-05-13 19:06:16,1747163176.8430798,sell,limit,83021454
104307.1,0.001,2025-05-13 19:06:16,1747163176.8430798,sell,limit,83021456
104305.5,0.00958,2025-05-13 19:06:16,1747163176.8430798,sell,limit,83021457
104304.0,0.05804345,2025-05-13 19:06:16,1747163176.8430798,sell,limit,83021458
104307.1,0.0001,2025-05-13 19:06:16,1747163176.8430798,sell,limit,83021455
104304.0,0.00057057,2025-05-13 19:06:17,1747163177.972785,buy,limit,83021459
104304.0,0.00046766,2025-05-13 19:06:20,1747163180.2768748,buy,limit,83021460
104303.9,0.001,2025-05-13 19:06:35,1747163195.9710853,sell,limit,83021461
104303.9,0.0001,2025-05-13 19:06:35,1747163195.9710853,sell,limit,83021462
104303.9,0.0001,2025-05-13 19:06:35,1747163195.9710853,sell,limit,83021463
104302.0,5.033e-05,2025-05-13 19:06:35,1747163195.9710853,sell,limit,83021464
104291.0,5.033e-05,2025-05-13 19:06:35,1747163195.9710855,sell,limit,83021465
104280.0,5.034e-05,2025-05-13 19:06:35,1747163195.9710855,sell,limit,83021466
104279.4,0.00152899,2025-05-13 19:06:35,1747163195.9710855,sell,limit,83021467
104279.5,0.03060622,2025-05-13 19:06:36,1747163196.307243,buy,limit,83021469
104279.5,0.01650611,2025-05-13 19:06:36,1747163196.307243,buy,limit,83021468
104279.5,0.00287262,2025-05-13 19:06:36,1747163196.6655586,buy,market,83021470
104279.5,0.00958736,2025-05-13 19:06:37,1747163197.7415175,buy,limit,83021471
104279.5,9.587e-05,2025-05-13 19:06:59,1747163219.1660275,buy,market,83021472
104279.5,0.00038245,2025-05-13 19:06:59,1747163219.1660275,buy,market,83021473
104279.5,0.00058941,2025-05-13 19:07:00,1747163220.9406037,buy,limit,83021474
104279.4,0.0001,2025-05-13 19:07:06,1747163226.261863,sell,market,83021476
104269.0,5.035e-05,2025-05-13 19:07:06,1747163226.261863,sell,market,83021478
104279.4,0.001,2025-05-13 19:07:06,1747163226.261863,sell,market,83021477
104279.4,0.0001,2025-05-13 19:07:06,1747163226.261863,sell,market,83021475
104254.1,0.00261249,2025-05-13 19:07:06,1747163226.2618632,sell,market,83021480
104258.0,5.035e-05,2025-05-13 19:07:06,1747163226.2618632,sell,market,83021479
104250.1,0.00021468,2025-05-13 19:07:20,1747163240.6907823,buy,limit,83021481
104247.0,5.036e-05,2025-05-13 19:07:25,1747163245.3129966,sell,market,83021487
104250.0,0.0001,2025-05-13 19:07:25,1747163245.3129966,sell,market,83021483
104247.1,0.00062351,2025-05-13 19:07:25,1747163245.3129966,sell,market,83021486
104250.0,0.001,2025-05-13 19:07:25,1747163245.3129966,sell,market,83021485
104250.0,0.0001,2025-05-13 19:07:25,1747163245.3129966,sell,market,83021484
104250.0,0.00095923,2025-05-13 19:07:25,1747163245.3129966,sell,market,83021482
104246.9,0.11502941,2025-05-13 19:07:25,1747163245.3129966,sell,market,83021488
104216.0,0.07371058,2025-05-13 19:07:25,1747163245.3129969,sell,market,83021493
104216.1,9.595e-05,2025-05-13 19:07:25,1747163245.3129969,sell,market,83021492
104236.0,5.036e-05,2025-05-13 19:07:25,1747163245.3129969,sell,market,83021489
104222.2,7.675e-05,2025-05-13 19:07:25,1747163245.3129969,sell,market,83021491
104225.0,5.037e-05,2025-05-13 19:07:25,1747163245.3129969,sell,market,83021490
104216.1,0.0003,2025-05-13 19:07:27,1747163247.5753353,buy,limit,83021494
104216.1,0.00076083,2025-05-13 19:07:28,1747163248.671456,buy,limit,83021495
104216.1,0.03463917,2025-05-13 19:07:28,1747163248.671456,buy,limit,83021496
104216.1,0.00015688,2025-05-13 19:07:31,1747163251.587761,buy,limit,83021497
104216.1,0.0041,2025-05-13 19:07:40,1747163260.8515234,buy,limit,83021498
104216.1,0.00046807,2025-05-13 19:07:40,1747163260.983589,buy,limit,83021499
104216.0,0.04881688,2025-05-13 19:07:41,1747163261.2641084,sell,limit,83021500
104216.1,3.462e-05,2025-05-13 19:07:55,1747163275.0536003,buy,limit,83021501
104216.1,0.00092759,2025-05-13 19:07:56,1747163276.3390596,buy,limit,83021502
104216.0,0.00019671,2025-05-13 19:07:59,1747163279.0404544,sell,limit,83021503
104216.1,0.0008987,2025-05-13 19:07:59,1747163279.3043847,buy,limit,83021504
104216.1,0.01007713,2025-05-13 19:07:59,1747163279.609588,buy,market,83021505
104216.1,0.00071737,2025-05-13 19:07:59,1747163279.609588,buy,market,83021506
104216.1,0.00024217,2025-05-13 19:07:59,1747163279.9664314,buy,market,83021507
104244.8,0.01499703,2025-05-13 19:07:59,1747163279.9664314,buy,market,83021510
104236.1,5.037e-05,2025-05-13 19:07:59,1747163279.9664314,buy,market,83021508
104244.7,9.594e-05,2025-05-13 19:07:59,1747163279.9664314,buy,market,83021509
104244.8,0.00017782,2025-05-13 19:08:11,1747163291.5837824,buy,limit,83021511
104244.7,0.0001,2025-05-13 19:08:17,1747163297.0123777,sell,market,83021512
104244.7,0.00538568,2025-05-13 19:08:17,1747163297.0123777,sell,market,83021515
104244.7,0.001,2025-05-13 19:08:17,1747163297.0123777,sell,market,83021514
104230.3,0.08935957,2025-05-13 19:08:17,1747163297.0123777,sell,market,83021516
104244.7,0.0001,2025-05-13 19:08:17,1747163297.0123777,sell,market,83021513
104230.4,0.0027,2025-05-13 19:08:27,1747163307.5104015,buy,limit,83021517
104251.4,0.01064173,2025-05-13 19:08:34,1747163314.9767134,buy,limit,83021522
104230.4,0.01380611,2025-05-13 19:08:34,1747163314.9767134,buy,limit,83021518
104230.4,0.00348568,2025-05-13 19:08:34,1747163314.9767134,buy,limit,83021519
104247.0,5.036e-05,2025-05-13 19:08:34,1747163314.9767134,buy,limit,83021520
104251.3,9.594e-05,2025-05-13 19:08:34,1747163314.9767134,buy,limit,83021521
104255.6,9.592e-05,2025-05-13 19:08:36,1747163316.9063935,buy,limit,83021523
104255.6,6.841e-05,2025-05-13 19:08:36,1747163316.9063935,buy,limit,83021524
104255.6,9.592e-05,2025-05-13 19:08:45,1747163325.187617,buy,limit,83021525
104255.6,9.124e-05,2025-05-13 19:08:45,1747163325.187617,buy,limit,83021526
104255.5,0.004,2025-05-13 19:08:46,1747163326.7227533,sell,market,83021527
104255.5,0.0001,2025-05-13 19:08:46,1747163326.7227535,sell,market,83021529
104255.5,0.001,2025-05-13 19:08:46,1747163326.7227535,sell,market,83021528
104255.5,0.0001,2025-05-13 19:08:46,1747163326.7227535,sell,market,83021530
104253.8,0.00918773,2025-05-13 19:08:46,1747163326.7227535,sell,market,83021531
104253.9,0.00016408,2025-05-13 19:08:59,1747163339.8167017,buy,market,83021533
104253.9,9.592e-05,2025-05-13 19:08:59,1747163339.8167017,buy,market,83021532
104237.1,0.00214687,2025-05-13 19:09:01,1747163341.8029454,sell,limit,83021538
104253.8,0.0001,2025-05-13 19:09:01,1747163341.8029454,sell,limit,83021535
104253.8,0.0001,2025-05-13 19:09:01,1747163341.8029454,sell,limit,83021534
104253.8,0.001,2025-05-13 19:09:01,1747163341.8029454,sell,limit,83021536
104253.8,0.00038914,2025-05-13 19:09:01,1747163341.8029454,sell,limit,83021537
104237.1,0.001,2025-05-13 19:09:09,1747163349.1273916,sell,market,83021543
104236.0,5.036e-05,2025-05-13 19:09:09,1747163349.1273916,sell,market,83021544
104237.1,0.0001,2025-05-13 19:09:09,1747163349.1273916,sell,market,83021540
104237.1,0.004,2025-05-13 19:09:09,1747163349.1273916,sell,market,83021542
104230.1,0.03452012,2025-05-13 19:09:09,1747163349.1273916,sell,market,83021545
104237.1,0.13285313,2025-05-13 19:09:09,1747163349.1273916,sell,market,83021539
104237.1,0.0001,2025-05-13 19:09:09,1747163349.1273916,sell,market,83021541
104226.7,0.01439663,2025-05-13 19:09:18,1747163358.6314342,buy,market,83021546
104226.7,0.00140407,2025-05-13 19:09:30,1747163370.7265306,buy,limit,83021547
104226.6,0.0001,2025-05-13 19:09:34,1747163374.9072566,sell,market,83021548
104226.6,0.001,2025-05-13 19:09:34,1747163374.9072566,sell,market,83021550
104225.0,5.037e-05,2025-05-13 19:09:34,1747163374.9072566,sell,market,83021551
104214.0,5.037e-05,2025-05-13 19:09:34,1747163374.9072566,sell,market,83021552
104213.5,8.317e-05,2025-05-13 19:09:34,1747163374.9072566,sell,market,83021553
104226.6,0.0001,2025-05-13 19:09:34,1747163374.9072566,sell,market,83021549
104213.6,0.00850848,2025-05-13 19:09:44,1747163384.2114756,buy,limit,83021554
104213.6,3.812e-05,2025-05-13 19:09:57,1747163397.8897355,buy,limit,83021556
104213.6,9.594e-05,2025-05-13 19:09:57,1747163397.8897355,buy,limit,83021555
104213.6,0.00012607,2025-05-13 19:10:19,1747163419.5830345,buy,limit,83021557
104213.5,0.00010875,2025-05-13 19:10:21,1747163421.0537794,sell,market,83021558
104213.5,5.79e-06,2025-05-13 19:10:21,1747163421.0537794,sell,market,83021559
104213.5,9.421e-05,2025-05-13 19:10:26,1747163426.7475526,sell,market,83021560
104213.5,5.429e-05,2025-05-13 19:10:26,1747163426.7475526,sell,market,83021561
104213.6,0.0016,2025-05-13 19:10:27,1747163427.50859,buy,limit,83021562
104213.6,0.01478004,2025-05-13 19:10:33,1747163433.3498466,buy,limit,83021563
104253.8,0.00378499,2025-05-13 19:10:33,1747163433.3498466,buy,limit,83021567
104258.0,5.036e-05,2025-05-13 19:10:33,1747163433.3498466,buy,limit,83021568
104236.0,5.037e-05,2025-05-13 19:10:33,1747163433.3498466,buy,limit,83021565
104247.0,5.036e-05,2025-05-13 19:10:33,1747163433.3498466,buy,limit,83021566
104260.4,0.00066782,2025-05-13 19:10:33,1747163433.3498466,buy,limit,83021569
104265.9,9.595e-05,2025-05-13 19:10:33,1747163433.3498466,buy,limit,83021570
104225.0,5.037e-05,2025-05-13 19:10:33,1747163433.3498466,buy,limit,83021564
104266.0,0.02840837,2025-05-13 19:10:33,1747163433.3498468,buy,limit,83021571
104265.1,0.0151,2025-05-13 19:10:39,1747163439.2572894,buy,limit,83021572
104265.1,0.0009357,2025-05-13 19:10:41,1747163441.9421744,buy,limit,83021573
104265.0,0.83128879,2025-05-13 19:10:44,1747163444.7990003,sell,market,83021578
104265.0,0.0017,2025-05-13 19:10:44,1747163444.7990003,sell,market,83021575
104265.0,0.01726716,2025-05-13 19:10:44,1747163444.7990003,sell,market,83021574
104265.0,0.0119292,2025-05-13 19:10:44,1747163444.7990003,sell,market,83021576
104265.0,0.001,2025-05-13 19:10:44,1747163444.7990003,sell,market,83021577
104265.0,0.00018769,2025-05-13 19:10:52,1747163452.1609273,sell,limit,83021579
104265.1,0.0110643,2025-05-13 19:10:55,1747163455.2267275,buy,limit,83021580
104265.1,0.01955933,2025-05-13 19:10:55,1747163455.2267275,buy,limit,83021582
104265.1,0.01650611,2025-05-13 19:10:55,1747163455.2267275,buy,limit,83021581
104265.1,0.0128,2025-05-13 19:10:57,1747163457.4916906,buy,limit,83021583
104265.1,0.0128,2025-05-13 19:10:58,1747163458.9717405,buy,limit,83021584
104265.1,0.0128,2025-05-13 19:10:59,1747163459.7314577,buy,limit,83021585
104265.1,0.00096854,2025-05-13 19:11:00,1747163460.2340307,buy,limit,83021586
104265.0,0.0001,2025-05-13 19:11:01,1747163461.637994,sell,market,83021587
104265.0,1.509e-05,2025-05-13 19:11:01,1747163461.637994,sell,market,83021588
104265.1,0.00023623,2025-05-13 19:11:02,1747163462.9040143,buy,limit,83021589
104265.1,0.00036688,2025-05-13 19:11:09,1747163469.067265,buy,market,83021590
104265.1,0.00141738,2025-05-13 19:11:13,1747163473.1114,buy,limit,83021591
104265.1,0.0006,2025-05-13 19:11:18,1747163478.1599708,buy,limit,83021592
104265.0,0.00016574,2025-05-13 19:11:22,1747163482.7817307,sell,limit,83021596
104265.0,0.00066505,2025-05-13 19:11:22,1747163482.7817307,sell,limit,83021594
104265.0,0.001,2025-05-13 19:11:22,1747163482.7817307,sell,limit,83021595
104265.0,8.491e-05,2025-05-13 19:11:22,1747163482.7817307,sell,limit,83021593
104265.1,0.00141738,2025-05-13 19:11:26,1747163486.8099716,buy,limit,83021597
104265.1,0.00023858,2025-05-13 19:11:27,1747163487.4653614,buy,limit,83021598
104265.1,0.0959,2025-05-13 19:11:27,1747163487.5294757,buy,limit,83021599
104265.1,0.00070178,2025-05-13 19:11:33,1747163493.4018617,buy,limit,83021600
104265.0,0.0028,2025-05-13 19:11:37,1747163497.9677598,sell,market,83021603
104265.0,0.0001,2025-05-13 19:11:37,1747163497.9677598,sell,market,83021601
104265.0,0.0001,2025-05-13 19:11:37,1747163497.9677598,sell,market,83021602
104265.1,0.0013,2025-05-13 19:11:39,1747163499.6319635,buy,limit,83021604
104265.0,0.12455479,2025-05-13 19:11:41,1747163501.966735,sell,limit,83021605
104265.1,0.0688939,2025-05-13 19:11:51,1747163511.974175,buy,limit,83021606
104265.1,0.0085061,2025-05-13 19:11:51,1747163511.974175,buy,limit,83021607
104266.0,0.00028071,2025-05-13 19:11:52,1747163512.3767056,buy,limit,83021608
104266.0,0.0003,2025-05-13 19:11:52,1747163512.8861558,buy,limit,83021609
104266.0,0.0131,2025-05-13 19:11:54,1747163514.3648736,buy,limit,83021610
104266.0,0.00018898,2025-05-13 19:12:01,1747163521.148121,buy,limit,83021611
104265.9,0.00012691,2025-05-13 19:12:07,1747163527.8343127,sell,limit,83021612
104266.0,0.00935883,2025-05-13 19:12:11,1747163531.1885393,buy,limit,83021613
104266.0,0.01514459,2025-05-13 19:12:27,1747163547.5590143,buy,limit,83021614
104266.0,0.01365541,2025-05-13 19:12:27,1747163547.5590143,buy,limit,83021615
104266.0,0.001,2025-05-13 19:12:27,1747163547.6534288,buy,market,83021616
104269.0,5.035e-05,2025-05-13 19:12:33,1747163553.5177448,buy,market,83021617
104269.0,0.00094965,2025-05-13 19:12:33,1747163553.517745,buy,market,83021618
104279.9,5.035e-05,2025-05-13 19:12:39,1747163559.2025955,buy,limit,83021620
104302.0,5.033e-05,2025-05-13 19:12:39,1747163559.2025955,buy,limit,83021623
104269.0,0.01555646,2025-05-13 19:12:39,1747163559.2025955,buy,limit,83021619
104291.1,5.034e-05,2025-05-13 19:12:39,1747163559.2025955,buy,limit,83021621
104300.0,0.00095877,2025-05-13 19:12:39,1747163559.2025955,buy,limit,83021622
104322.9,0.01198752,2025-05-13 19:12:39,1747163559.2025957,buy,limit,83021626
104313.1,5.033e-05,2025-05-13 19:12:39,1747163559.2025957,buy,limit,83021624
104322.8,9.59e-05,2025-05-13 19:12:39,1747163559.2025957,buy,limit,83021625
104321.5,1.866e-05,2025-05-13 19:12:40,1747163560.9930134,buy,market,83021628
104321.1,9.59e-05,2025-05-13 19:12:40,1747163560.9930134,buy,market,83021627
104321.1,0.00074865,2025-05-13 19:12:45,1747163565.3011796,sell,limit,83021631
104321.1,0.0001,2025-05-13 19:12:45,1747163565.3011796,sell,limit,83021629
104321.1,0.0001,2025-05-13 19:12:45,1747163565.3011796,sell,limit,83021630
104321.1,0.00028766,2025-05-13 19:12:47,1747163567.4947305,sell,limit,83021632
104321.2,0.00244452,2025-05-13 19:12:58,1747163578.1650712,buy,market,83021633
104321.2,9.586e-05,2025-05-13 19:13:00,1747163580.647892,buy,limit,83021635
104321.2,0.02024255,2025-05-13 19:13:00,1747163580.647892,buy,limit,83021636
104321.2,0.01406159,2025-05-13 19:13:00,1747163580.647892,buy,limit,83021634
104321.2,9.538e-05,2025-05-13 19:13:02,1747163582.8326714,buy,limit,83021637
104321.2,7.666e-05,2025-05-13 19:13:13,1747163593.2107408,buy,limit,83021638
104321.2,0.0005,2025-05-13 19:13:25,1747163605.7010946,buy,market,83021639
104321.2,0.0001838,2025-05-13 19:13:29,1747163609.2001579,buy,limit,83021640
104321.1,4e-05,2025-05-13 19:13:35,1747163615.8366518,sell,limit,83021641
104321.1,7.674e-05,2025-05-13 19:14:02,1747163642.1316419,sell,limit,83021642
104321.2,0.00012037,2025-05-13 19:14:16,1747163656.1309218,buy,limit,83021643
104321.1,0.00088326,2025-05-13 19:14:29,1747163669.7106802,sell,market,83021644
104321.1,0.00402123,2025-05-13 19:14:29,1747163669.7106802,sell,market,83021647
104321.1,0.00189044,2025-05-13 19:14:29,1747163669.7106802,sell,market,83021648
104321.1,0.00093932,2025-05-13 19:14:29,1747163669.7106802,sell,market,83021650
104321.1,0.0001,2025-05-13 19:14:29,1747163669.7106802,sell,market,83021645
104321.1,0.0001,2025-05-13 19:14:29,1747163669.7106802,sell,market,83021646
104321.1,0.00335598,2025-05-13 19:14:29,1747163669.7106802,sell,market,83021649
104321.1,0.00501655,2025-05-13 19:14:29,1747163669.7106802,sell,market,83021651
104321.2,0.00043136,2025-05-13 19:14:31,1747163671.3925936,buy,market,83021652
104321.2,0.00028332,2025-05-13 19:14:38,1747163678.037075,buy,limit,83021653
104321.1,0.00484082,2025-05-13 19:14:38,1747163678.8100586,sell,limit,83021654
104321.1,0.001,2025-05-13 19:14:38,1747163678.8100586,sell,limit,83021657
104321.1,0.0001,2025-05-13 19:14:38,1747163678.8100586,sell,limit,83021655
104321.1,0.0001,2025-05-13 19:14:38,1747163678.8100586,sell,limit,83021656
104321.0,0.01361006,2025-05-13 19:14:38,1747163678.8100586,sell,limit,83021658
104321.1,0.00011313,2025-05-13 19:14:42,1747163682.40875,buy,limit,83021659
104321.1,4.722e-05,2025-05-13 19:14:44,1747163684.018603,buy,limit,83021660
104321.1,0.00015214,2025-05-13 19:14:47,1747163687.9494085,buy,limit,83021661
104321.0,0.00027364,2025-05-13 19:14:48,1747163688.4972136,sell,limit,83021662
104321.1,0.1,2025-05-13 19:14:53,1747163693.0321357,buy,limit,83021664
104321.1,0.02821348,2025-05-13 19:14:53,1747163693.0321357,buy,limit,83021665
104321.1,9.586e-05,2025-05-13 19:14:53,1747163693.0321357,buy,limit,83021666
104321.1,0.01619362,2025-05-13 19:14:53,1747163693.0321357,buy,limit,83021663
104321.1,0.06965758,2025-05-13 19:14:53,1747163693.0321357,buy,limit,83021667
104321.1,0.00128914,2025-05-13 19:14:53,1747163693.3814464,buy,market,83021668
104321.1,0.00028332,2025-05-13 19:14:55,1747163695.6826382,buy,limit,83021669
104321.1,0.01888825,2025-05-13 19:14:58,1747163698.5434992,buy,limit,83021670
104321.1,0.04166067,2025-05-13 19:14:59,1747163699.2281027,buy,market,83021671
104321.0,0.00958577,2025-05-13 19:15:05,1747163705.8357604,sell,limit,83021672
104321.0,0.00049502,2025-05-13 19:15:15,1747163715.1763854,sell,market,83021673
104321.0,0.00057191,2025-05-13 19:15:15,1747163715.1763856,sell,market,83021677
104321.0,0.001,2025-05-13 19:15:15,1747163715.1763856,sell,market,83021676
104305.5,0.00958,2025-05-13 19:15:15,1747163715.1763856,sell,market,83021678
104300.0,0.00710274,2025-05-13 19:15:15,1747163715.1763856,sell,market,83021680
104321.0,0.0001,2025-05-13 19:15:15,1747163715.1763856,sell,market,83021675
104321.0,0.0001,2025-05-13 19:15:15,1747163715.1763856,sell,market,83021674
104302.0,5.033e-05,2025-05-13 19:15:15,1747163715.1763856,sell,market,83021679
104300.0,2.692e-05,2025-05-13 19:15:15,1747163715.4698927,sell,limit,83021681
104300.1,0.00036506,2025-05-13 19:15:18,1747163718.28813,buy,market,83021683
104300.1,9.586e-05,2025-05-13 19:15:18,1747163718.28813,buy,market,83021682
104300.1,0.00134781,2025-05-13 19:15:23,1747163723.1005332,buy,limit,83021684
104300.1,0.00057996,2025-05-13 19:15:41,1747163741.6839457,buy,limit,83021685
104300.1,8.436e-05,2025-05-13 19:15:45,1747163745.0701604,buy,limit,83021686
104300.1,0.00033061,2025-05-13 19:15:45,1747163745.5238242,buy,limit,83021687
104300.1,0.00191754,2025-05-13 19:15:46,1747163746.7646956,buy,market,83021688
104300.1,0.00783163,2025-05-13 19:15:48,1747163748.2553644,buy,limit,83021689
104300.1,0.01439759,2025-05-13 19:15:49,1747163749.1697228,buy,market,83021690
104300.0,0.0001,2025-05-13 19:15:53,1747163753.4565127,sell,limit,83021692
104300.0,0.001,2025-05-13 19:15:53,1747163753.4565127,sell,limit,83021694
104300.0,0.00245806,2025-05-13 19:15:53,1747163753.4565127,sell,limit,83021691
104300.0,0.0001,2025-05-13 19:15:53,1747163753.4565127,sell,limit,83021693
104300.0,0.0001908,2025-05-13 19:15:56,1747163756.719522,buy,limit,83021695
104300.0,0.04676936,2025-05-13 19:15:57,1747163757.6717014,buy,limit,83021696
104300.0,0.00090733,2025-05-13 19:15:58,1747163758.3149579,buy,limit,83021697
104299.9,0.000959,2025-05-13 19:15:58,1747163758.96851,sell,market,83021698
104300.0,0.00018892,2025-05-13 19:16:10,1747163770.0388403,buy,limit,83021699
104299.9,0.02301034,2025-05-13 19:16:22,1747163782.3077826,sell,market,83021700
104299.9,0.001,2025-05-13 19:16:22,1747163782.3077826,sell,market,83021703
104299.9,0.0001,2025-05-13 19:16:22,1747163782.3077826,sell,market,83021701
104299.9,0.0001,2025-05-13 19:16:22,1747163782.3077826,sell,market,83021702
104291.0,5.033e-05,2025-05-13 19:16:22,1747163782.3077826,sell,market,83021704
104280.0,5.034e-05,2025-05-13 19:16:22,1747163782.307783,sell,market,83021705
104270.5,0.02363709,2025-05-13 19:16:22,1747163782.307783,sell,market,83021706
104270.6,0.0162,2025-05-13 19:16:27,1747163787.509798,buy,limit,83021707
104270.6,0.0006,2025-05-13 19:16:28,1747163788.5184448,buy,limit,83021708
104282.0,9.59e-05,2025-05-13 19:16:28,1747163788.8505783,buy,limit,83021709
104283.7,0.00226561,2025-05-13 19:16:28,1747163788.8505783,buy,limit,83021710
104283.5,0.00190736,2025-05-13 19:16:31,1747163791.0405667,sell,market,83021711
104282.5,0.1,2025-05-13 19:16:31,1747163791.0405667,sell,market,83021717
104283.5,0.0001,2025-05-13 19:16:31,1747163791.0405667,sell,market,83021715
104283.5,0.0020753,2025-05-13 19:16:31,1747163791.0405667,sell,market,83021713
104283.5,0.001,2025-05-13 19:16:31,1747163791.0405667,sell,market,83021716
104283.5,0.00096643,2025-05-13 19:16:31,1747163791.0405667,sell,market,83021712
104283.5,0.0001,2025-05-13 19:16:31,1747163791.0405667,sell,market,83021714
104282.4,0.08565732,2025-05-13 19:16:31,1747163791.040567,sell,market,83021718
104282.4,0.00057996,2025-05-13 19:16:32,1747163792.1625876,sell,limit,83021719
104282.5,0.00958934,2025-05-13 19:16:32,1747163792.5158598,buy,market,83021720
104282.5,9.589e-05,2025-05-13 19:16:35,1747163795.4355924,buy,limit,83021721
104282.5,0.0008395,2025-05-13 19:16:35,1747163795.4355927,buy,limit,83021722
104282.5,0.00014031,2025-05-13 19:16:36,1747163796.0700226,buy,limit,83021723
104282.5,0.00048931,2025-05-13 19:16:38,1747163798.127004,buy,limit,83021724
104282.5,0.01503699,2025-05-13 19:16:39,1747163799.0164099,buy,limit,83021725
104282.5,9.589e-05,2025-05-13 19:16:39,1747163799.0164099,buy,limit,83021726
104282.5,0.00046712,2025-05-13 19:16:39,1747163799.0164099,buy,limit,83021727
104282.5,4.724e-05,2025-05-13 19:16:39,1747163799.0402608,buy,limit,83021728
104282.4,8.803e-05,2025-05-13 19:16:42,1747163802.4487386,sell,limit,83021729
104282.5,0.00077674,2025-05-13 19:16:44,1747163804.0670433,buy,market,83021730
104282.5,8e-05,2025-05-13 19:16:45,1747163805.6975427,buy,limit,83021731
104282.5,0.00013397,2025-05-13 19:16:53,1747163813.7599757,buy,limit,83021732
104282.4,1.197e-05,2025-05-13 19:16:54,1747163814.4628966,sell,limit,83021733
104282.4,0.0001,2025-05-13 19:16:54,1747163814.4628966,sell,limit,83021734
104282.4,0.00011392,2025-05-13 19:16:54,1747163814.4628966,sell,limit,83021735
104282.5,0.02233795,2025-05-13 19:17:03,1747163823.6585188,buy,market,83021739
104282.5,0.01650611,2025-05-13 19:17:03,1747163823.6585188,buy,market,83021737
104282.5,0.03176323,2025-05-13 19:17:03,1747163823.6585188,buy,market,83021738
104282.5,0.003,2025-05-13 19:17:03,1747163823.6585188,buy,market,83021736
104284.4,0.00291283,2025-05-13 19:17:09,1747163829.4267473,buy,limit,83021740
104284.3,0.00014379,2025-05-13 19:17:14,1747163834.4452806,sell,market,83021741
104284.3,0.0001,2025-05-13 19:17:30,1747163850.5350854,sell,market,83021743
104284.3,0.00085621,2025-05-13 19:17:30,1747163850.5350854,sell,market,83021742
104284.3,4.379e-05,2025-05-13 19:17:30,1747163850.5350854,sell,market,83021744
104269.1,0.00057995,2025-05-13 19:17:31,1747163851.1997728,buy,limit,83021745
104269.0,5.035e-05,2025-05-13 19:17:31,1747163851.7645063,sell,limit,83021746
104265.0,0.00013938,2025-05-13 19:17:31,1747163851.7645063,sell,limit,83021747
104265.1,0.00585051,2025-05-13 19:17:32,1747163852.7064059,buy,limit,83021748
104225.0,5.037e-05,2025-05-13 19:17:36,1747163856.4918556,sell,market,83021759
104265.0,0.00409578,2025-05-13 19:17:36,1747163856.4918556,sell,market,83021749
104265.0,0.0001,2025-05-13 19:17:36,1747163856.4918556,sell,market,83021751
104265.0,0.0002319,2025-05-13 19:17:36,1747163856.4918556,sell,market,83021750
104265.0,0.0006,2025-05-13 19:17:36,1747163856.4918556,sell,market,83021754
104265.0,0.001,2025-05-13 19:17:36,1747163856.4918556,sell,market,83021753
104258.0,5.035e-05,2025-05-13 19:17:36,1747163856.4918556,sell,market,83021755
104265.0,0.0001,2025-05-13 19:17:36,1747163856.4918556,sell,market,83021752
104216.7,0.0959471,2025-05-13 19:17:36,1747163856.4918556,sell,market,83021761
104236.0,5.036e-05,2025-05-13 19:17:36,1747163856.4918556,sell,market,83021758
104250.0,0.00019184,2025-05-13 19:17:36,1747163856.4918556,sell,market,83021756
104247.0,5.036e-05,2025-05-13 19:17:36,1747163856.4918556,sell,market,83021757
104218.8,0.0959471,2025-05-13 19:17:36,1747163856.4918556,sell,market,83021760
104215.1,0.30158484,2025-05-13 19:17:36,1747163856.4918559,sell,market,83021762
104214.5,0.00079573,2025-05-13 19:17:42,1747163862.2622092,buy,limit,83021763
104214.5,9.548e-05,2025-05-13 19:17:48,1747163868.6264725,buy,limit,83021764
104214.4,0.00882737,2025-05-13 19:17:53,1747163873.9573956,sell,limit,83021765
104214.5,0.0058951,2025-05-13 19:17:54,1747163874.0975564,buy,limit,83021766
104214.5,0.0097198,2025-05-13 19:17:57,1747163877.5071983,buy,limit,83021767
104214.5,0.0053802,2025-05-13 19:17:57,1747163877.5071983,buy,limit,83021768
104214.5,0.0004745,2025-05-13 19:18:04,1747163884.495404,buy,market,83021769
104214.5,2.441e-05,2025-05-13 19:18:05,1747163885.7428794,buy,limit,83021770
104214.5,0.00728928,2025-05-13 19:18:09,1747163889.4491978,buy,limit,83021771
104214.5,0.0019,2025-05-13 19:18:09,1747163889.449198,buy,limit,83021772
104214.5,0.003,2025-05-13 19:18:09,1747163889.449198,buy,limit,83021774
104214.5,0.003,2025-05-13 19:18:09,1747163889.449198,buy,limit,83021773
104214.5,0.01361072,2025-05-13 19:18:09,1747163889.449198,buy,limit,83021775
104214.5,0.00045025,2025-05-13 19:18:09,1747163889.5830312,buy,market,83021776
104236.0,0.001,2025-05-13 19:18:24,1747163904.902647,sell,limit,83021778
104236.0,0.0001,2025-05-13 19:18:24,1747163904.902647,sell,limit,83021780
104215.3,0.00291219,2025-05-13 19:18:24,1747163904.902647,sell,limit,83021781
104236.0,0.004,2025-05-13 19:18:24,1747163904.902647,sell,limit,83021777
104236.0,0.0001,2025-05-13 19:18:24,1747163904.902647,sell,limit,83021779
104215.4,9.375e-05,2025-05-13 19:18:26,1747163906.6930764,buy,market,83021782
104215.4,0.0151,2025-05-13 19:18:27,1747163907.6677837,buy,limit,83021783
104215.3,0.01008101,2025-05-13 19:18:29,1747163909.3978043,sell,market,83021784
104215.4,9.595e-05,2025-05-13 19:18:31,1747163911.1243365,buy,market,83021785
104215.4,0.01650611,2025-05-13 19:18:31,1747163911.1243365,buy,market,83021786
104217.8,0.07631915,2025-05-13 19:18:31,1747163911.1243367,buy,market,83021787
104215.3,0.01734329,2025-05-13 19:18:34,1747163914.3410513,sell,market,83021788
104215.3,0.0001,2025-05-13 19:18:34,1747163914.3410516,sell,market,83021791
104215.3,0.001,2025-05-13 19:18:34,1747163914.3410516,sell,market,83021789
104215.3,0.0001,2025-05-13 19:18:34,1747163914.3410516,sell,market,83021790
104215.3,0.25315565,2025-05-13 19:18:34,1747163914.3410516,sell,market,83021792
104214.1,0.72830106,2025-05-13 19:18:34,1747163914.3410516,sell,market,83021793
104214.2,0.00204042,2025-05-13 19:19:01,1747163941.362103,buy,market,83021794
104214.2,0.00031078,2025-05-13 19:19:01,1747163941.5441093,buy,limit,83021795
104214.1,0.00019191,2025-05-13 19:19:11,1747163951.6543024,sell,market,83021799
104214.1,0.0001,2025-05-13 19:19:11,1747163951.6543024,sell,market,83021796
104214.1,0.0001,2025-05-13 19:19:11,1747163951.6543024,sell,market,83021797
104214.1,0.001,2025-05-13 19:19:11,1747163951.6543024,sell,market,83021798
104214.1,0.00128702,2025-05-13 19:19:11,1747163951.6543026,sell,market,83021800
104214.2,0.00019096,2025-05-13 19:19:13,1747163953.0454834,buy,limit,83021801
104214.2,0.00017962,2025-05-13 19:19:14,1747163954.4149728,buy,limit,83021802
104214.1,0.05148549,2025-05-13 19:19:15,1747163955.8650506,sell,limit,83021803
104214.1,0.00014379,2025-05-13 19:19:17,1747163957.2212515,sell,limit,83021804
104214.2,0.00936158,2025-05-13 19:19:17,1747163957.2740877,buy,limit,83021805
104214.2,0.01436469,2025-05-13 19:19:19,1747163959.7055697,buy,limit,83021807
104214.2,0.003,2025-05-13 19:19:19,1747163959.7055697,buy,limit,83021806
104214.2,0.00214142,2025-05-13 19:19:19,1747163959.7112758,buy,limit,83021808
104214.5,0.0002539,2025-05-13 19:19:19,1747163959.7194579,buy,limit,83021809
104236.1,5.037e-05,2025-05-13 19:19:21,1747163961.4203043,buy,limit,83021810
104247.0,0.00144353,2025-05-13 19:19:27,1747163967.4609456,buy,limit,83021813
104247.0,5.036e-05,2025-05-13 19:19:27,1747163967.4609456,buy,limit,83021811
104247.0,0.01650611,2025-05-13 19:19:27,1747163967.4609456,buy,limit,83021812
104247.0,0.00155647,2025-05-13 19:19:27,1747163967.4639032,buy,limit,83021814
104258.1,0.00094964,2025-05-13 19:19:32,1747163972.332223,buy,market,83021816
104258.1,5.036e-05,2025-05-13 19:19:32,1747163972.332223,buy,market,83021815
104258.0,0.0004905,2025-05-13 19:19:34,1747163974.6440973,sell,limit,83021817
104258.1,0.0144,2025-05-13 19:19:39,1747163979.1419685,buy,limit,83021818
104268.9,0.00114951,2025-05-13 19:19:53,1747163993.6855543,sell,limit,83021819
104269.0,0.01494965,2025-05-13 19:19:57,1747163997.5152652,buy,limit,83021822
104269.0,0.003,2025-05-13 19:19:57,1747163997.5152652,buy,limit,83021821
104269.0,5.035e-05,2025-05-13 19:19:57,1747163997.5152652,buy,limit,83021820
104280.1,0.00580103,2025-05-13 19:20:03,1747164003.93657,buy,limit,83021824
104280.1,5.035e-05,2025-05-13 19:20:03,1747164003.93657,buy,limit,83021823
104280.1,0.000245,2025-05-13 19:20:07,1747164007.8097036,buy,limit,83021825
104280.1,0.00279943,2025-05-13 19:20:09,1747164009.3275077,buy,limit,83021828
104291.0,5.034e-05,2025-05-13 19:20:09,1747164009.3275077,buy,limit,83021829
104300.0,0.00169015,2025-05-13 19:20:09,1747164009.3275077,buy,limit,83021830
104280.1,0.01046008,2025-05-13 19:20:09,1747164009.3275077,buy,limit,83021826
104280.1,0.003,2025-05-13 19:20:09,1747164009.3275077,buy,limit,83021827
104299.9,0.00243043,2025-05-13 19:20:16,1747164016.928036,sell,limit,83021831
104299.9,0.00135157,2025-05-13 19:20:20,1747164020.6732626,sell,market,83021832
104299.9,0.00096909,2025-05-13 19:20:25,1747164025.1653366,sell,market,83021833
104299.9,0.65,2025-05-13 19:20:25,1747164025.382357,sell,market,83021834
104299.9,0.05562371,2025-05-13 19:20:29,1747164029.3904114,sell,limit,83021835
104300.0,0.04920462,2025-05-13 19:20:30,1747164030.3854756,buy,limit,83021837
104300.0,0.04659538,2025-05-13 19:20:30,1747164030.3854756,buy,limit,83021836
104300.0,0.0151,2025-05-13 19:20:31,1747164031.2468846,buy,limit,83021838
104300.0,0.01650611,2025-05-13 19:20:32,1747164032.860249,buy,limit,83021840
104300.0,0.00280947,2025-05-13 19:20:32,1747164032.860249,buy,limit,83021839
104300.0,0.003,2025-05-13 19:20:32,1747164032.8602493,buy,limit,83021841
104300.0,5.009e-05,2025-05-13 19:20:34,1747164034.5357535,sell,limit,83021842
104300.1,0.00161955,2025-05-13 19:20:37,1747164037.9141552,buy,limit,83021843
104300.1,0.00023969,2025-05-13 19:20:38,1747164038.372845,buy,market,83021844
104302.1,5.033e-05,2025-05-13 19:20:43,1747164043.470749,buy,limit,83021847
104305.5,7e-05,2025-05-13 19:20:43,1747164043.470749,buy,limit,83021848
104312.9,5.033e-05,2025-05-13 19:20:43,1747164043.470749,buy,limit,83021849
104300.1,0.003,2025-05-13 19:20:43,1747164043.470749,buy,limit,83021846
104300.1,0.01464687,2025-05-13 19:20:43,1747164043.470749,buy,limit,83021845
104330.9,0.0303063,2025-05-13 19:20:43,1747164043.4707491,buy,limit,83021852
104333.7,0.01992271,2025-05-13 19:20:43,1747164043.4707491,buy,limit,83021854
104324.0,5.032e-05,2025-05-13 19:20:43,1747164043.4707491,buy,limit,83021850
104331.0,0.0052416,2025-05-13 19:20:43,1747164043.4707491,buy,limit,83021853
104330.8,9.587e-05,2025-05-13 19:20:43,1747164043.4707491,buy,limit,83021851
104333.6,0.02552593,2025-05-13 19:20:50,1747164050.2078614,buy,market,83021858
104333.6,0.03096852,2025-05-13 19:20:50,1747164050.2078614,buy,market,83021857
104333.6,0.01650611,2025-05-13 19:20:50,1747164050.2078614,buy,market,83021856
104333.6,9.586e-05,2025-05-13 19:20:50,1747164050.2078614,buy,market,83021855
104333.6,0.00023961,2025-05-13 19:20:54,1747164054.80707,buy,market,83021859
104333.5,0.0001,2025-05-13 19:21:01,1747164061.8372626,sell,limit,83021860
104333.5,4.292e-05,2025-05-13 19:21:01,1747164061.8372626,sell,limit,83021861
104333.6,0.00078818,2025-05-13 19:21:05,1747164065.6001725,buy,limit,83021862
104333.6,0.00021182,2025-05-13 19:21:10,1747164070.4081936,buy,limit,83021863
104333.6,0.00433026,2025-05-13 19:21:10,1747164070.4081936,buy,limit,83021864
104333.6,0.00144014,2025-05-13 19:21:19,1747164079.647319,buy,market,83021865
104333.6,0.0001425,2025-05-13 19:21:19,1747164079.8603437,buy,market,83021866
104333.6,9.326e-05,2025-05-13 19:21:20,1747164080.5073204,buy,limit,83021867
104333.6,0.01049995,2025-05-13 19:21:27,1747164087.6003294,buy,limit,83021868
104333.6,0.00210005,2025-05-13 19:21:27,1747164087.6003294,buy,limit,83021869
104333.6,0.00069995,2025-05-13 19:21:28,1747164088.6151118,buy,limit,83021870
104335.1,2.833e-05,2025-05-13 19:21:29,1747164089.037176,buy,limit,83021871
104335.1,2.199e-05,2025-05-13 19:21:39,1747164099.2087383,buy,limit,83021872
104335.1,0.01187806,2025-05-13 19:21:39,1747164099.2087386,buy,limit,83021873
104335.0,1.965e-05,2025-05-13 19:21:43,1747164103.3468013,sell,limit,83021874
104335.1,0.00714732,2025-05-13 19:21:46,1747164106.250122,buy,market,83021876
104335.1,0.001,2025-05-13 19:21:46,1747164106.250122,buy,market,83021875
104335.0,8.035e-05,2025-05-13 19:21:48,1747164108.3954754,sell,limit,83021877
104335.0,0.0001,2025-05-13 19:21:48,1747164108.3954756,sell,limit,83021878
104335.0,0.00082862,2025-05-13 19:21:48,1747164108.3954756,sell,limit,83021879
104335.0,0.0002492,2025-05-13 19:21:50,1747164110.1076987,sell,market,83021880
104345.9,5.031e-05,2025-05-13 19:21:54,1747164114.015317,buy,limit,83021884
104346.2,9.584e-05,2025-05-13 19:21:54,1747164114.015317,buy,limit,83021885
104346.3,0.00785085,2025-05-13 19:21:54,1747164114.015317,buy,limit,83021886
104335.1,0.0011,2025-05-13 19:21:54,1747164114.015317,buy,limit,83021883
104335.1,0.00935879,2025-05-13 19:21:54,1747164114.015317,buy,limit,83021881
104335.1,0.001,2025-05-13 19:21:54,1747164114.015317,buy,limit,83021882
104346.2,0.00014402,2025-05-13 19:21:54,1747164114.2249942,sell,limit,83021887
104346.3,0.0151,2025-05-13 19:22:00,1747164120.966653,buy,limit,83021888
104346.3,0.00854744,2025-05-13 19:22:01,1747164121.9343839,buy,limit,83021889
104346.3,0.00645672,2025-05-13 19:22:01,1747164121.9343839,buy,limit,83021891
104346.3,9.584e-05,2025-05-13 19:22:01,1747164121.9343839,buy,limit,83021890
104346.3,0.00019068,2025-05-13 19:22:03,1747164123.044856,buy,limit,83021892
104346.3,0.00985871,2025-05-13 19:22:03,1747164123.5857146,buy,limit,83021893
104353.1,0.00281577,2025-05-13 19:22:04,1747164124.772063,buy,limit,83021894
104353.0,0.107,2025-05-13 19:22:06,1747164126.6322205,sell,market,83021895
104353.1,0.01650611,2025-05-13 19:22:14,1747164134.1101913,buy,limit,83021896
104354.3,0.0001579,2025-05-13 19:22:14,1747164134.1101913,buy,limit,83021897
104355.8,0.02288146,2025-05-13 19:22:14,1747164134.1101913,buy,limit,83021899
104355.7,9.582e-05,2025-05-13 19:22:14,1747164134.1101913,buy,limit,83021898
104355.8,0.00081874,2025-05-13 19:22:14,1747164134.4091327,buy,limit,83021900
104355.8,0.00246924,2025-05-13 19:22:21,1747164141.4678242,buy,market,83021901
104355.8,0.00065442,2025-05-13 19:22:25,1747164145.8947947,buy,limit,83021902
104355.8,0.00091535,2025-05-13 19:22:28,1747164148.7953234,buy,limit,83021903
104355.8,0.0128,2025-05-13 19:22:35,1747164155.9287179,buy,limit,83021904
104355.8,0.00172892,2025-05-13 19:22:43,1747164163.1717408,buy,limit,83021905
104355.8,1.042e-05,2025-05-13 19:22:46,1747164166.8036041,buy,limit,83021906
104347.8,1.93109826,2025-05-13 19:22:50,1747164170.6352704,sell,limit,83021915
104355.7,0.0001,2025-05-13 19:22:50,1747164170.6352704,sell,limit,83021908
104355.7,0.0001,2025-05-13 19:22:50,1747164170.6352704,sell,limit,83021909
104355.7,0.001,2025-05-13 19:22:50,1747164170.6352704,sell,limit,83021910
104355.7,0.0006,2025-05-13 19:22:50,1747164170.6352704,sell,limit,83021911
104350.5,0.00074771,2025-05-13 19:22:50,1747164170.6352704,sell,limit,83021912
104350.5,0.00043491,2025-05-13 19:22:50,1747164170.6352704,sell,limit,83021913
104347.9,0.1,2025-05-13 19:22:50,1747164170.6352704,sell,limit,83021914
104355.7,0.01937618,2025-05-13 19:22:50,1747164170.6352704,sell,limit,83021907
104347.9,0.00018716,2025-05-13 19:22:53,1747164173.5354033,buy,limit,83021916
104347.9,0.00848522,2025-05-13 19:22:57,1747164177.512967,buy,limit,83021921
104347.9,0.01631895,2025-05-13 19:22:57,1747164177.512967,buy,limit,83021917
104347.9,0.001,2025-05-13 19:22:57,1747164177.512967,buy,limit,83021919
104347.9,9.583e-05,2025-05-13 19:22:57,1747164177.512967,buy,limit,83021920
104347.9,0.002,2025-05-13 19:22:57,1747164177.512967,buy,limit,83021918
104347.8,1.328e-05,2025-05-13 19:23:04,1747164184.2298234,sell,limit,83021922
104347.9,1.019e-05,2025-05-13 19:23:09,1747164189.6078186,buy,limit,83021923
104335.0,5.031e-05,2025-05-13 19:23:16,1747164196.0273414,sell,limit,83021927
104347.8,0.001,2025-05-13 19:23:16,1747164196.0273414,sell,limit,83021926
104347.8,0.0001,2025-05-13 19:23:16,1747164196.0273414,sell,limit,83021925
104347.8,8.672e-05,2025-05-13 19:23:16,1747164196.0273414,sell,limit,83021924
104324.7,0.00191062,2025-05-13 19:23:16,1747164196.0273414,sell,limit,83021928
104324.7,0.00223429,2025-05-13 19:23:16,1747164196.0284162,sell,limit,83021929
104324.7,0.00220519,2025-05-13 19:23:16,1747164196.0285888,sell,limit,83021930
104324.7,0.0012122,2025-05-13 19:23:16,1747164196.0287812,sell,limit,83021931
104324.8,0.00017764,2025-05-13 19:23:16,1747164196.6242142,buy,limit,83021932
104324.8,0.0172594,2025-05-13 19:23:27,1747164207.525175,buy,limit,83021934
104324.8,0.01632847,2025-05-13 19:23:27,1747164207.525175,buy,limit,83021933
104324.8,0.06221213,2025-05-13 19:23:27,1747164207.525175,buy,limit,83021935
104324.8,0.0958,2025-05-13 19:23:28,1747164208.497604,buy,limit,83021936
104324.8,0.00129302,2025-05-13 19:23:29,1747164209.9336264,buy,limit,83021937
104324.8,0.0128,2025-05-13 19:23:30,1747164210.056733,buy,limit,83021938
104324.8,0.0128,2025-05-13 19:23:31,1747164211.0006044,buy,limit,83021939
104324.8,0.00090519,2025-05-13 19:23:44,1747164224.5879781,buy,limit,83021940
104324.8,0.00024017,2025-05-13 19:23:45,1747164225.6296613,buy,limit,83021941
104324.7,0.00067861,2025-05-13 19:23:49,1747164229.381229,sell,limit,83021945
104324.7,0.001,2025-05-13 19:23:49,1747164229.381229,sell,limit,83021944
104324.7,0.0001,2025-05-13 19:23:49,1747164229.381229,sell,limit,83021943
104324.7,0.0001,2025-05-13 19:23:49,1747164229.381229,sell,limit,83021942
104324.7,0.00890684,2025-05-13 19:23:53,1747164233.292188,sell,limit,83021946
104324.7,0.0001,2025-05-13 19:23:53,1747164233.292188,sell,limit,83021947
104324.7,0.001,2025-05-13 19:23:53,1747164233.292188,sell,limit,83021948
104324.1,0.01412633,2025-05-13 19:23:53,1747164233.292188,sell,limit,83021950
104324.7,0.0001,2025-05-13 19:23:53,1747164233.292188,sell,limit,83021949
104324.1,0.00088684,2025-05-13 19:23:53,1747164233.3043513,buy,limit,83021951
104324.1,0.003,2025-05-13 19:23:57,1747164237.7572336,buy,limit,83021952
104324.1,0.00925026,2025-05-13 19:23:57,1747164237.7572336,buy,limit,83021954
104324.1,0.01650611,2025-05-13 19:23:57,1747164237.7572336,buy,limit,83021953
104324.0,4.968e-05,2025-05-13 19:24:02,1747164242.7477005,sell,limit,83021956
104324.0,5.032e-05,2025-05-13 19:24:02,1747164242.7477005,sell,limit,83021955
104324.1,0.0015,2025-05-13 19:24:03,1747164243.3419275,buy,limit,83021957
104324.1,0.0009,2025-05-13 19:24:05,1747164245.714756,buy,limit,83021958
104324.1,0.0006,2025-05-13 19:24:08,1747164248.2361426,buy,market,83021959
104324.1,0.000359,2025-05-13 19:24:08,1747164248.2361429,buy,market,83021960
104324.1,1.417e-05,2025-05-13 19:24:11,1747164251.0359943,buy,limit,83021961
104324.0,5.032e-05,2025-05-13 19:24:12,1747164252.0733144,sell,market,83021962
104324.0,0.0001,2025-05-13 19:24:12,1747164252.0733144,sell,market,83021963
104324.0,0.14518145,2025-05-13 19:24:12,1747164252.0733144,sell,market,83021965
104324.0,0.001,2025-05-13 19:24:12,1747164252.0733144,sell,market,83021964
104324.0,0.00019569,2025-05-13 19:24:12,1747164252.0733144,sell,market,83021968
104324.0,0.248766,2025-05-13 19:24:12,1747164252.0733144,sell,market,83021969
104324.0,0.01917104,2025-05-13 19:24:12,1747164252.0733144,sell,market,83021966
104324.0,0.00037382,2025-05-13 19:24:12,1747164252.0733144,sell,market,83021967
104324.0,0.28516168,2025-05-13 19:24:12,1747164252.0733147,sell,market,83021970
104324.1,0.0128,2025-05-13 19:24:17,1747164257.3721707,buy,limit,83021971
104324.1,0.003,2025-05-13 19:24:18,1747164258.5179129,buy,limit,83021972
104334.8,0.00277979,2025-05-13 19:24:19,1747164259.2950375,sell,limit,83021974
104334.8,9.584e-05,2025-05-13 19:24:19,1747164259.2950375,sell,limit,83021973
104334.9,0.00926612,2025-05-13 19:24:27,1747164267.9222922,buy,market,83021976
104334.9,5.032e-05,2025-05-13 19:24:27,1747164267.9222922,buy,market,83021975
104355.8,0.00674969,2025-05-13 19:24:28,1747164268.9279935,buy,limit,83021979
104346.0,5.031e-05,2025-05-13 19:24:28,1747164268.9279935,buy,limit,83021978
104334.9,0.003,2025-05-13 19:24:28,1747164268.9279935,buy,limit,83021977
104355.8,0.01544408,2025-05-13 19:24:31,1747164271.462008,buy,limit,83021980
104355.7,0.0001733,2025-05-13 19:24:34,1747164274.520906,sell,limit,83021981
104355.8,0.01,2025-05-13 19:24:37,1747164277.274463,buy,market,83021982
104355.7,0.01354523,2025-05-13 19:24:38,1747164278.6782587,sell,limit,83021983
104355.7,0.00022722,2025-05-13 19:24:38,1747164278.6800735,sell,limit,83021984
104355.7,0.00131093,2025-05-13 19:24:38,1747164278.6803925,sell,limit,83021985
104355.7,0.02461797,2025-05-13 19:24:38,1747164278.6804373,sell,limit,83021986
104355.7,0.01909589,2025-05-13 19:24:38,1747164278.6805053,sell,limit,83021987
104355.7,0.00197386,2025-05-13 19:24:38,1747164278.6805737,sell,limit,83021988
104355.7,0.00968264,2025-05-13 19:24:38,1747164278.6806805,sell,limit,83021989
104355.7,0.00968531,2025-05-13 19:24:38,1747164278.6807473,sell,limit,83021990
104355.7,0.00894158,2025-05-13 19:24:38,1747164278.680935,sell,limit,83021991
104355.7,0.00124211,2025-05-13 19:24:38,1747164278.6809912,sell,limit,83021992
104355.7,0.00011763,2025-05-13 19:24:40,1747164280.025307,sell,limit,83021993
104355.7,0.00019644,2025-05-13 19:24:46,1747164286.0845897,sell,limit,83021994
104355.7,0.01078603,2025-05-13 19:24:48,1747164288.2580662,sell,market,83021995
104355.7,0.00018689,2025-05-13 19:24:48,1747164288.2580662,sell,market,83021996
104355.7,0.02622593,2025-05-13 19:24:48,1747164288.2580664,sell,market,83021998
104355.7,9.2e-05,2025-05-13 19:24:48,1747164288.2580664,sell,market,83021997
104355.8,0.095,2025-05-13 19:24:50,1747164290.857518,buy,limit,83021999
104355.8,0.0958,2025-05-13 19:24:51,1747164291.9403844,buy,limit,83022000
104355.8,0.0128,2025-05-13 19:24:53,1747164293.5388072,buy,limit,83022001
104355.8,0.00239565,2025-05-13 19:24:54,1747164294.0569832,buy,limit,83022002
104355.8,0.0128,2025-05-13 19:24:54,1747164294.5842686,buy,limit,83022003
104355.8,0.00148057,2025-05-13 19:24:55,1747164295.2745347,buy,limit,83022004
104355.8,0.00059712,2025-05-13 19:25:05,1747164305.3606887,buy,market,83022005
104355.8,0.75289687,2025-05-13 19:25:08,1747164308.2994976,buy,limit,83022006
104355.8,0.003,2025-05-13 19:25:08,1747164308.3001108,buy,limit,83022008
104355.8,0.0012,2025-05-13 19:25:08,1747164308.3001108,buy,limit,83022009
104355.8,0.3351393,2025-05-13 19:25:08,1747164308.3001108,buy,limit,83022007
104356.0,0.00023837,2025-05-13 19:25:08,1747164308.769408,buy,limit,83022010
104356.0,0.00021433,2025-05-13 19:25:10,1747164310.595213,buy,limit,83022011
104356.0,0.00055281,2025-05-13 19:25:10,1747164310.595213,buy,limit,83022013
104356.0,0.00233032,2025-05-13 19:25:10,1747164310.595213,buy,limit,83022012
104357.0,5.031e-05,2025-05-13 19:25:10,1747164310.8509405,buy,limit,83022014
104362.6,0.00099281,2025-05-13 19:25:11,1747164311.355331,buy,limit,83022015
104366.0,0.00601,2025-05-13 19:25:11,1747164311.360629,buy,limit,83022016
104366.1,0.00971235,2025-05-13 19:25:11,1747164311.360629,buy,limit,83022017
104366.1,0.00013425,2025-05-13 19:25:11,1747164311.360629,buy,limit,83022018
104366.1,0.00679865,2025-05-13 19:25:11,1747164311.360629,buy,limit,83022019
104368.1,5.03e-05,2025-05-13 19:25:11,1747164311.367661,buy,limit,83022020
104379.0,5.03e-05,2025-05-13 19:25:11,1747164311.3676612,buy,limit,83022022
104376.7,0.0001,2025-05-13 19:25:11,1747164311.3676612,buy,limit,83022021
104387.0,0.00239493,2025-05-13 19:25:19,1747164319.05837,buy,limit,83022023
104387.0,0.04484113,2025-05-13 19:25:23,1747164323.4655206,buy,limit,83022024
104387.0,0.01650611,2025-05-13 19:25:23,1747164323.4655206,buy,limit,83022025
104387.0,0.0028,2025-05-13 19:25:23,1747164323.4655206,buy,limit,83022026
104388.0,0.13585276,2025-05-13 19:25:23,1747164323.4655206,buy,limit,83022027
104388.0,0.00044753,2025-05-13 19:25:24,1747164324.119644,buy,limit,83022028
104388.0,0.0957,2025-05-13 19:25:27,1747164327.5510886,buy,limit,83022029
104400.0,1.17752438,2025-05-13 19:25:28,1747164328.1564364,buy,limit,83022037
104397.3,0.00051845,2025-05-13 19:25:28,1747164328.1564364,buy,limit,83022035
104397.3,0.01090068,2025-05-13 19:25:28,1747164328.1564364,buy,limit,83022034
104390.0,0.001,2025-05-13 19:25:28,1747164328.1564364,buy,limit,83022032
104390.1,5.029e-05,2025-05-13 19:25:28,1747164328.1564364,buy,limit,83022033
104399.0,0.00048968,2025-05-13 19:25:28,1747164328.1564364,buy,limit,83022036
104388.0,0.08798971,2025-05-13 19:25:28,1747164328.1564364,buy,limit,83022030
104388.0,0.01650611,2025-05-13 19:25:28,1747164328.1564364,buy,limit,83022031
104400.0,1.31846347,2025-05-13 19:25:28,1747164328.1574562,buy,limit,83022038
104400.0,1.40714551,2025-05-13 19:25:28,1747164328.159179,buy,limit,83022039
104400.0,1.45116387,2025-05-13 19:25:28,1747164328.1596162,buy,limit,83022040
104400.0,1.62575856,2025-05-13 19:25:28,1747164328.1818151,buy,limit,83022042
104400.0,0.6081735,2025-05-13 19:25:28,1747164328.1818151,buy,limit,83022041
104400.0,2.64386012,2025-05-13 19:25:28,1747164328.1823058,buy,limit,83022043
104400.0,0.72858134,2025-05-13 19:25:28,1747164328.1836617,buy,limit,83022044
104400.0,0.00095785,2025-05-13 19:25:28,1747164328.1836617,buy,limit,83022045
104408.4,0.00035296,2025-05-13 19:25:28,1747164328.201986,buy,limit,83022049
104406.5,0.00957,2025-05-13 19:25:28,1747164328.201986,buy,limit,83022048
104403.6,0.0176684,2025-05-13 19:25:28,1747164328.201986,buy,limit,83022047
104401.1,5.137e-05,2025-05-13 19:25:28,1747164328.201986,buy,limit,83022046
104410.2,0.0001101,2025-05-13 19:25:28,1747164328.3033183,buy,limit,83022050
104410.2,0.00098962,2025-05-13 19:25:28,1747164328.3033183,buy,limit,83022051
104416.7,0.00032365,2025-05-13 19:25:28,1747164328.6185098,buy,limit,83022055
104416.1,0.01766565,2025-05-13 19:25:28,1747164328.6185098,buy,limit,83022054
104412.0,5.142e-05,2025-05-13 19:25:28,1747164328.6185098,buy,limit,83022053
104410.3,0.02477699,2025-05-13 19:25:28,1747164328.6185098,buy,limit,83022052
104419.7,0.02184,2025-05-13 19:25:28,1747164328.6185098,buy,limit,83022056
104422.9,5.137e-05,2025-05-13 19:25:28,1747164328.61851,buy,limit,83022058
104420.6,0.00194817,2025-05-13 19:25:28,1747164328.61851,buy,limit,83022057
104425.0,0.24521517,2025-05-13 19:25:28,1747164328.61851,buy,limit,83022059
104428.7,0.0068675,2025-05-13 19:25:29,1747164329.219063,buy,limit,83022060
104428.7,0.00361355,2025-05-13 19:25:29,1747164329.2250614,buy,limit,83022061
104428.7,0.00370958,2025-05-13 19:25:29,1747164329.22693,buy,limit,83022062
104428.7,0.00248524,2025-05-13 19:25:29,1747164329.233901,buy,limit,83022063
104428.7,0.00060548,2025-05-13 19:25:29,1747164329.2422822,buy,limit,83022064
104428.7,0.00052284,2025-05-13 19:25:29,1747164329.2474196,buy,limit,83022065
104434.1,5.137e-05,2025-05-13 19:25:29,1747164329.2844055,buy,limit,83022067
104441.1,0.00010099,2025-05-13 19:25:29,1747164329.2844055,buy,limit,83022068
104430.3,0.0005997,2025-05-13 19:25:29,1747164329.2844055,buy,limit,83022066
104441.2,0.0003797,2025-05-13 19:25:29,1747164329.294783,buy,market,83022069
104441.2,5e-05,2025-05-13 19:25:30,1747164330.296979,buy,market,83022070
104441.1,0.14354066,2025-05-13 19:25:30,1747164330.2971473,sell,market,83022071
104441.2,0.00609829,2025-05-13 19:25:30,1747164330.297217,buy,market,83022073
104445.1,0.00024297,2025-05-13 19:25:30,1747164330.297217,buy,market,83022076
104443.1,5.5e-05,2025-05-13 19:25:30,1747164330.297217,buy,market,83022074
104445.1,5.14e-05,2025-05-13 19:25:30,1747164330.297217,buy,market,83022077
104441.2,0.01113214,2025-05-13 19:25:30,1747164330.297217,buy,market,83022072
104444.4,0.01914894,2025-05-13 19:25:30,1747164330.297217,buy,market,83022075
104466.3,0.01779586,2025-05-13 19:25:30,1747164330.2972171,buy,market,83022092
104471.0,0.00014358,2025-05-13 19:25:30,1747164330.2972171,buy,market,83022094
104470.9,0.00054937,2025-05-13 19:25:30,1747164330.2972171,buy,market,83022093
104448.0,0.04978811,2025-05-13 19:25:30,1747164330.2972171,buy,market,83022080
104448.0,0.45021189,2025-05-13 19:25:30,1747164330.2972171,buy,market,83022081
104448.9,0.00920028,2025-05-13 19:25:30,1747164330.2972171,buy,market,83022082
104446.3,0.00104213,2025-05-13 19:25:30,1747164330.2972171,buy,market,83022079
104451.1,0.00024415,2025-05-13 19:25:30,1747164330.2972171,buy,market,83022084
104460.9,0.00030986,2025-05-13 19:25:30,1747164330.2972171,buy,market,83022089
104456.0,5.137e-05,2025-05-13 19:25:30,1747164330.2972171,buy,market,83022086
104459.0,0.05,2025-05-13 19:25:30,1747164330.2972171,buy,market,83022087
104460.0,0.05,2025-05-13 19:25:30,1747164330.2972171,buy,market,83022088
104464.2,0.00254256,2025-05-13 19:25:30,1747164330.2972171,buy,market,83022091
104462.9,0.00158535,2025-05-13 19:25:30,1747164330.2972171,buy,market,83022090
104450.0,0.1,2025-05-13 19:25:30,1747164330.2972171,buy,market,83022083
104445.9,8.113e-05,2025-05-13 19:25:30,1747164330.2972171,buy,market,83022078
104453.7,0.01765738,2025-05-13 19:25:30,1747164330.2972171,buy,market,83022085
104488.0,0.17813339,2025-05-13 19:25:30,1747164330.2972174,buy,market,83022104
104478.8,0.01765187,2025-05-13 19:25:30,1747164330.2972174,buy,market,83022100
104485.9,7.157e-05,2025-05-13 19:25:30,1747164330.2972174,buy,market,83022103
104475.5,0.01020084,2025-05-13 19:25:30,1747164330.2972174,buy,market,83022098
104474.9,0.00135891,2025-05-13 19:25:30,1747164330.2972174,buy,market,83022097
104471.3,0.00066697,2025-05-13 19:25:30,1747164330.2972174,buy,market,83022095
104478.1,0.00425523,2025-05-13 19:25:30,1747164330.2972174,buy,market,83022099
104482.6,0.00019558,2025-05-13 19:25:30,1747164330.2972174,buy,market,83022102
104479.8,0.00498014,2025-05-13 19:25:30,1747164330.2972174,buy,market,83022101
104474.8,0.00110383,2025-05-13 19:25:30,1747164330.2972174,buy,market,83022096
104487.9,0.07102706,2025-05-13 19:25:30,1747164330.3605342,sell,limit,83022105
104487.9,0.00087006,2025-05-13 19:25:30,1747164330.3900003,sell,limit,83022107
104487.9,2.6e-07,2025-05-13 19:25:30,1747164330.3900003,sell,limit,83022106
104487.9,0.06825198,2025-05-13 19:25:30,1747164330.7880054,sell,limit,83022108
104487.9,0.04859198,2025-05-13 19:25:30,1747164330.7886646,sell,limit,83022109
104487.9,0.000245,2025-05-13 19:25:30,1747164330.9616618,sell,limit,83022110
104487.9,0.00014017,2025-05-13 19:25:32,1747164332.8448312,sell,limit,83022111
104487.9,9.849e-05,2025-05-13 19:25:32,1747164332.8555734,sell,limit,83022112
104487.9,0.00353651,2025-05-13 19:25:32,1747164332.8975532,sell,limit,83022113
104487.9,0.69,2025-05-13 19:25:38,1747164338.980685,sell,market,83022114
104488.0,0.00029437,2025-05-13 19:25:41,1747164341.1747627,buy,limit,83022115
104488.0,0.00239261,2025-05-13 19:25:44,1747164344.0588562,buy,limit,83022116
104488.0,0.00014379,2025-05-13 19:25:44,1747164344.3556209,buy,market,83022117
104488.0,0.00328141,2025-05-13 19:25:53,1747164353.039093,buy,limit,83022118
104488.0,9.429e-05,2025-05-13 19:26:01,1747164361.0366805,buy,limit,83022119
104487.9,1.0,2025-05-13 19:26:01,1747164361.927718,sell,market,83022120
104488.0,0.00011484,2025-05-13 19:26:02,1747164362.7603703,buy,market,83022121
104488.0,0.00239261,2025-05-13 19:26:09,1747164369.0597024,buy,limit,83022122
104488.0,0.00488302,2025-05-13 19:26:09,1747164369.5879955,buy,limit,83022123
104488.0,0.0957,2025-05-13 19:26:09,1747164369.6567101,buy,limit,83022124
104488.0,5.14e-05,2025-05-13 19:26:13,1747164373.8572667,buy,market,83022128
104488.0,0.01256967,2025-05-13 19:26:13,1747164373.8572667,buy,market,83022125
104488.0,0.01650611,2025-05-13 19:26:13,1747164373.8572667,buy,market,83022126
104488.0,5.14e-05,2025-05-13 19:26:13,1747164373.8572667,buy,market,83022127
104489.1,5.137e-05,2025-05-13 19:26:13,1747164373.857267,buy,market,83022132
104488.0,0.0012,2025-05-13 19:26:13,1747164373.857267,buy,market,83022129
104488.0,0.0022,2025-05-13 19:26:13,1747164373.857267,buy,market,83022130
104488.1,0.00249977,2025-05-13 19:26:13,1747164373.857267,buy,market,83022131
104498.0,0.11946254,2025-05-13 19:26:13,1747164373.857267,buy,market,83022136
104491.3,0.01764912,2025-05-13 19:26:13,1747164373.857267,buy,market,83022133
104495.0,0.02,2025-05-13 19:26:13,1747164373.857267,buy,market,83022134
104497.8,0.001,2025-05-13 19:26:13,1747164373.857267,buy,market,83022135
104498.0,0.00093371,2025-05-13 19:26:16,1747164376.1702878,buy,limit,83022137
104497.9,0.00073114,2025-05-13 19:26:16,1747164376.2777696,sell,limit,83022138
104497.9,0.0043063,2025-05-13 19:26:17,1747164377.3183956,sell,market,83022139
104498.0,0.09591047,2025-05-13 19:26:22,1747164382.3685932,buy,limit,83022140
104500.0,0.00049044,2025-05-13 19:26:22,1747164382.3687363,buy,market,83022148
104498.0,0.28369328,2025-05-13 19:26:22,1747164382.3687363,buy,market,83022141
104498.0,0.01650611,2025-05-13 19:26:22,1747164382.3687363,buy,market,83022142
104498.0,0.003,2025-05-13 19:26:22,1747164382.3687363,buy,market,83022143
104498.9,0.00919588,2025-05-13 19:26:22,1747164382.3687363,buy,market,83022144
104500.0,0.0203485,2025-05-13 19:26:22,1747164382.3687363,buy,market,83022145
104500.0,0.00145783,2025-05-13 19:26:22,1747164382.3687363,buy,market,83022146
104500.0,0.21940774,2025-05-13 19:26:22,1747164382.3687363,buy,market,83022147
104500.0,1.0,2025-05-13 19:26:22,1747164382.3687363,buy,market,83022152
104500.0,0.001,2025-05-13 19:26:22,1747164382.3687363,buy,market,83022149
104500.0,0.00956937,2025-05-13 19:26:22,1747164382.3687363,buy,market,83022150
104500.0,0.05,2025-05-13 19:26:22,1747164382.3687363,buy,market,83022151
104500.0,0.1,2025-05-13 19:26:22,1747164382.3687363,buy,market,83022154
104500.0,0.13992483,2025-05-13 19:26:22,1747164382.3687363,buy,market,83022153
104500.0,0.14540602,2025-05-13 19:26:22,1747164382.3687363,buy,market,83022155
104500.0,0.15,2025-05-13 19:26:22,1747164382.7383502,buy,market,83022156
104499.9,1.54371252,2025-05-13 19:26:23,1747164383.595641,sell,limit,83022157
104500.0,0.71778874,2025-05-13 19:26:24,1747164384.9608164,buy,limit,83022158
104500.0,0.01,2025-05-13 19:26:24,1747164384.9641278,buy,limit,83022160
104500.0,0.16920524,2025-05-13 19:26:24,1747164384.9641278,buy,limit,83022159
104500.8,9.852e-05,2025-05-13 19:26:24,1747164384.9653053,buy,limit,83022165
104500.2,0.00028899,2025-05-13 19:26:24,1747164384.9653053,buy,limit,83022163
104500.1,0.00024297,2025-05-13 19:26:24,1747164384.9653053,buy,limit,83022161
104500.1,5.14e-05,2025-05-13 19:26:24,1747164384.9653053,buy,limit,83022162
104500.4,0.00147971,2025-05-13 19:26:24,1747164384.9653053,buy,limit,83022164
104503.9,0.01778753,2025-05-13 19:26:24,1747164384.9666848,buy,limit,83022167
104502.0,0.00601,2025-05-13 19:26:24,1747164384.9666848,buy,limit,83022166
104505.1,0.00578499,2025-05-13 19:26:24,1747164384.968299,buy,limit,83022168
104509.0,0.01650611,2025-05-13 19:26:24,1747164384.9682992,buy,limit,83022170
104507.5,0.00956,2025-05-13 19:26:24,1747164384.9682992,buy,limit,83022169
104511.0,5.14e-05,2025-05-13 19:26:24,1747164384.977029,buy,limit,83022171
104511.3,0.0009621,2025-05-13 19:26:24,1747164384.9770293,buy,limit,83022172
104515.9,0.00022307,2025-05-13 19:26:25,1747164385.0042312,buy,limit,83022174
104515.8,6.999e-05,2025-05-13 19:26:25,1747164385.0042312,buy,limit,83022173
104516.4,0.01764361,2025-05-13 19:26:25,1747164385.0042312,buy,limit,83022175
104519.0,0.00014139,2025-05-13 19:26:27,1747164387.0399573,buy,limit,83022176
104519.0,0.00246548,2025-05-13 19:26:27,1747164387.375822,buy,market,83022178
104519.0,0.00135861,2025-05-13 19:26:27,1747164387.375822,buy,market,83022177
104519.0,0.01235904,2025-05-13 19:26:27,1747164387.3760595,buy,limit,83022179
104519.0,0.00033862,2025-05-13 19:26:30,1747164390.001407,buy,limit,83022180
104519.0,0.01,2025-05-13 19:26:30,1747164390.0803053,buy,limit,83022181
104519.0,0.0015,2025-05-13 19:26:31,1747164391.3827605,buy,limit,83022182
104519.0,0.00066879,2025-05-13 19:26:31,1747164391.876142,buy,limit,83022183
104519.0,0.0023919,2025-05-13 19:26:34,1747164394.060588,buy,limit,83022184
104519.0,0.0005,2025-05-13 19:26:36,1747164396.2336426,buy,limit,83022185
104519.0,0.00172156,2025-05-13 19:26:36,1747164396.2337854,buy,limit,83022186
104519.0,0.0013,2025-05-13 19:26:36,1747164396.2337854,buy,limit,83022187
104521.0,5e-05,2025-05-13 19:26:36,1747164396.2351422,buy,limit,83022188
104522.0,5.137e-05,2025-05-13 19:26:36,1747164396.2352917,buy,limit,83022189
104523.8,0.0007,2025-05-13 19:26:36,1747164396.236181,buy,limit,83022190
104523.8,7.115e-05,2025-05-13 19:26:36,1747164396.236376,buy,limit,83022191
104524.7,2.885e-05,2025-05-13 19:26:36,1747164396.236376,buy,limit,83022192
104524.7,7.346e-05,2025-05-13 19:26:36,1747164396.2371566,buy,limit,83022193
104529.0,0.01762654,2025-05-13 19:26:36,1747164396.2371566,buy,limit,83022194
104529.0,0.00015544,2025-05-13 19:26:36,1747164396.2400386,buy,limit,83022195
104533.1,5.137e-05,2025-05-13 19:26:36,1747164396.2400386,buy,limit,83022196
104541.5,0.01763811,2025-05-13 19:26:36,1747164396.243303,buy,limit,83022198
104543.9,5.137e-05,2025-05-13 19:26:36,1747164396.243303,buy,limit,83022201
104542.4,0.00089435,2025-05-13 19:26:36,1747164396.243303,buy,limit,83022200
104534.8,0.00060001,2025-05-13 19:26:36,1747164396.243303,buy,limit,83022197
104541.6,0.01279394,2025-05-13 19:26:36,1747164396.243303,buy,limit,83022199
104548.9,0.00919148,2025-05-13 19:26:36,1747164396.2475889,buy,limit,83022203
104547.0,0.5,2025-05-13 19:26:36,1747164396.2475889,buy,limit,83022202
104553.9,0.00079999,2025-05-13 19:26:36,1747164396.2903826,buy,limit,83022205
104551.4,8.084e-05,2025-05-13 19:26:36,1747164396.2903826,buy,limit,83022204
104554.0,0.01763536,2025-05-13 19:26:36,1747164396.39254,buy,limit,83022206
104554.9,9.66e-05,2025-05-13 19:26:37,1747164397.1374547,buy,limit,83022207
104555.0,8.61e-06,2025-05-13 19:26:37,1747164397.1374547,buy,limit,83022208
104555.0,0.00023436,2025-05-13 19:26:37,1747164397.479677,buy,limit,83022209
104555.0,5.14e-05,2025-05-13 19:26:37,1747164397.479677,buy,limit,83022210
104555.0,0.09564362,2025-05-13 19:26:40,1747164400.5677667,sell,limit,83022211
104555.1,0.0001051,2025-05-13 19:26:41,1747164401.1422155,buy,limit,83022212
104557.1,0.0002439,2025-05-13 19:26:41,1747164401.562491,buy,market,83022214
104555.1,8.03e-06,2025-05-13 19:26:41,1747164401.562491,buy,market,83022213
104559.9,0.00045984,2025-05-13 19:26:41,1747164401.562491,buy,market,83022215
104559.8,0.00198513,2025-05-13 19:26:44,1747164404.6129284,sell,limit,83022216
104559.9,0.00933216,2025-05-13 19:26:47,1747164407.9934883,buy,market,83022217
104560.0,0.15116592,2025-05-13 19:26:48,1747164408.7469852,buy,limit,83022219
104560.0,0.27991609,2025-05-13 19:26:48,1747164408.7469852,buy,limit,83022218
104559.9,0.1,2025-05-13 19:26:51,1747164411.2707555,sell,market,83022220
104559.9,0.02821348,2025-05-13 19:26:51,1747164411.2707555,sell,market,83022221
104559.9,0.04968489,2025-05-13 19:26:51,1747164411.2707555,sell,market,83022222
104559.9,0.13210163,2025-05-13 19:26:51,1747164411.2707555,sell,market,83022223
104560.0,0.00636889,2025-05-13 19:26:52,1747164412.1202803,buy,market,83022224
104560.0,0.00167368,2025-05-13 19:26:55,1747164415.6730387,buy,market,83022225
104560.0,6.221e-05,2025-05-13 19:26:56,1747164416.3823068,buy,limit,83022226
104559.9,0.00477244,2025-05-13 19:26:57,1747164417.4103835,sell,limit,83022227
104560.0,0.0151,2025-05-13 19:26:57,1747164417.4912107,buy,limit,83022228
104560.0,0.05039346,2025-05-13 19:26:58,1747164418.9125786,buy,market,83022229
104560.0,0.00239097,2025-05-13 19:26:59,1747164419.0617259,buy,limit,83022230
104560.0,0.02424759,2025-05-13 19:27:02,1747164422.6663709,buy,market,83022231
104560.0,0.00076504,2025-05-13 19:27:04,1747164424.8462088,buy,limit,83022232
104560.0,0.00024627,2025-05-13 19:27:06,1747164426.1223962,buy,limit,83022233
104559.9,0.00436789,2025-05-13 19:27:06,1747164426.8966236,sell,limit,83022236
104559.9,0.0001,2025-05-13 19:27:06,1747164426.8966236,sell,limit,83022234
104559.9,0.0001,2025-05-13 19:27:06,1747164426.8966236,sell,limit,83022235
104559.9,0.04780757,2025-05-13 19:27:06,1747164426.9011958,sell,limit,83022237
104559.9,0.02035082,2025-05-13 19:27:06,1747164426.9013004,sell,limit,83022238
104559.9,0.0375417,2025-05-13 19:27:07,1747164427.6868966,sell,limit,83022239
104560.0,0.0151,2025-05-13 19:27:09,1747164429.1462111,buy,limit,83022240
104560.0,0.0956,2025-05-13 19:27:10,1747164430.0097187,buy,limit,83022241
104560.0,0.00043105,2025-05-13 19:27:17,1747164437.591712,buy,market,83022242
104560.0,0.0009,2025-05-13 19:27:21,1747164441.4630516,buy,limit,83022243
104560.0,0.00239097,2025-05-13 19:27:24,1747164444.0626514,buy,limit,83022244
104560.0,0.02489939,2025-05-13 19:27:25,1747164445.7933607,buy,market,83022245
104559.9,0.000192,2025-05-13 19:27:26,1747164446.55325,sell,market,83022246
104560.0,0.0956,2025-05-13 19:27:32,1747164452.561117,buy,limit,83022247
104560.0,0.9687345,2025-05-13 19:27:37,1747164457.7471716,buy,limit,83022248
104560.0,1.01944077,2025-05-13 19:27:37,1747164457.7492802,buy,limit,83022249
104560.0,1.05544374,2025-05-13 19:27:37,1747164457.7498405,buy,limit,83022250
104560.0,0.88533417,2025-05-13 19:27:37,1747164457.7526572,buy,limit,83022251
104560.0,0.58371138,2025-05-13 19:27:37,1747164457.753188,buy,limit,83022252
104560.0,0.0023,2025-05-13 19:27:37,1747164457.7531881,buy,limit,83022255
104560.0,0.0024,2025-05-13 19:27:37,1747164457.7531881,buy,limit,83022254
104560.0,0.0012,2025-05-13 19:27:37,1747164457.7531881,buy,limit,83022253
104566.0,0.00900959,2025-05-13 19:27:38,1747164458.0822613,sell,market,83022256
104587.9,5.137e-05,2025-05-13 19:27:39,1747164459.0958068,buy,market,83022265
104580.2,0.01019064,2025-05-13 19:27:39,1747164459.0958068,buy,market,83022264
104566.1,5.137e-05,2025-05-13 19:27:39,1747164459.0958068,buy,market,83022257
104574.4,0.01650611,2025-05-13 19:27:39,1747164459.0958068,buy,market,83022260
104579.1,0.01762986,2025-05-13 19:27:39,1747164459.0958068,buy,market,83022263
104568.8,5.5e-05,2025-05-13 19:27:39,1747164459.0958068,buy,market,83022259
104577.1,5.137e-05,2025-05-13 19:27:39,1747164459.0958068,buy,market,83022262
104566.6,0.01777367,2025-05-13 19:27:39,1747164459.0958068,buy,market,83022258
104575.0,0.00032911,2025-05-13 19:27:39,1747164459.0958068,buy,market,83022261
104590.0,0.00294699,2025-05-13 19:27:39,1747164459.095807,buy,market,83022266
104590.0,0.00093306,2025-05-13 19:27:39,1747164459.771971,buy,limit,83022267
104590.0,4.721e-05,2025-05-13 19:27:40,1747164460.1398044,buy,limit,83022268
104590.0,0.00933062,2025-05-13 19:27:40,1747164460.7253664,buy,limit,83022269
104589.9,0.00493291,2025-05-13 19:27:42,1747164462.308223,sell,limit,83022270
104589.9,0.02871783,2025-05-13 19:27:42,1747164462.317184,sell,limit,83022271
104589.9,0.00494322,2025-05-13 19:27:42,1747164462.31805,sell,limit,83022272
104590.0,0.00708732,2025-05-13 19:27:44,1747164464.3735273,buy,limit,83022275
104590.0,0.00621268,2025-05-13 19:27:44,1747164464.3735273,buy,limit,83022273
104590.0,0.0018,2025-05-13 19:27:44,1747164464.3735273,buy,limit,83022274
104590.0,2.59e-05,2025-05-13 19:27:45,1747164465.0367687,buy,limit,83022276
104590.0,0.009,2025-05-13 19:27:45,1747164465.291601,buy,limit,83022277
104590.0,0.00039289,2025-05-13 19:27:46,1747164466.0084152,buy,market,83022278
104591.0,0.0072323,2025-05-13 19:27:46,1747164466.0084152,buy,market,83022279
104590.9,0.03881196,2025-05-13 19:27:46,1747164466.6486783,sell,limit,83022280
104590.9,0.00107919,2025-05-13 19:27:47,1747164467.148408,sell,market,83022281
104591.0,0.00239026,2025-05-13 19:27:49,1747164469.0634828,buy,limit,83022282
104590.9,0.00821488,2025-05-13 19:27:49,1747164469.977069,sell,limit,83022283
104598.9,5.14e-05,2025-05-13 19:27:51,1747164471.0551007,buy,market,83022292
104598.9,0.00918709,2025-05-13 19:27:51,1747164471.0551007,buy,market,83022291
104597.2,5e-05,2025-05-13 19:27:51,1747164471.0551007,buy,market,83022290
104596.5,0.00409798,2025-05-13 19:27:51,1747164471.0551007,buy,market,83022289
104599.0,0.07983158,2025-05-13 19:27:51,1747164471.0551007,buy,market,83022293
104591.0,0.02218734,2025-05-13 19:27:51,1747164471.0551007,buy,market,83022284
104591.7,0.01776812,2025-05-13 19:27:51,1747164471.0551007,buy,market,83022286
104591.0,0.01650611,2025-05-13 19:27:51,1747164471.0551007,buy,market,83022285
104595.2,0.00020144,2025-05-13 19:27:51,1747164471.0551007,buy,market,83022288
104594.2,0.00011894,2025-05-13 19:27:51,1747164471.0551007,buy,market,83022287
104598.9,0.00720829,2025-05-13 19:27:52,1747164472.398403,sell,market,83022294
104598.9,0.00022061,2025-05-13 19:27:52,1747164472.8466258,sell,limit,83022295
104599.0,0.009,2025-05-13 19:27:57,1747164477.4411156,buy,limit,83022296
104599.0,7.227e-05,2025-05-13 19:27:58,1747164478.9422772,buy,limit,83022297
104598.9,0.02733755,2025-05-13 19:27:59,1747164479.624505,sell,limit,83022298
104598.9,0.01912065,2025-05-13 19:27:59,1747164479.624505,sell,limit,83022299
104598.9,2.39008249,2025-05-13 19:27:59,1747164479.6245053,sell,limit,83022305
104598.9,0.26,2025-05-13 19:27:59,1747164479.6245053,sell,limit,83022306
104598.9,0.38,2025-05-13 19:27:59,1747164479.6245053,sell,limit,83022307
104598.9,0.1,2025-05-13 19:27:59,1747164479.6245053,sell,limit,83022308
104598.9,0.02821348,2025-05-13 19:27:59,1747164479.6245053,sell,limit,83022309
104598.9,7.733e-05,2025-05-13 19:27:59,1747164479.6245053,sell,limit,83022310
104598.9,5.648e-05,2025-05-13 19:27:59,1747164479.6245053,sell,limit,83022311
104598.9,1.24518152,2025-05-13 19:27:59,1747164479.6245053,sell,limit,83022312
104598.9,0.2531,2025-05-13 19:27:59,1747164479.6245053,sell,limit,83022304
104598.9,9.4e-05,2025-05-13 19:27:59,1747164479.6245053,sell,limit,83022303
104598.9,0.04454749,2025-05-13 19:27:59,1747164479.6245053,sell,limit,83022302
104598.9,5.285e-05,2025-05-13 19:27:59,1747164479.6245053,sell,limit,83022300
104598.9,0.25213616,2025-05-13 19:27:59,1747164479.6245053,sell,limit,83022301
104598.9,0.00019262,2025-05-13 19:28:00,1747164480.5501013,sell,market,83022313
104599.0,0.15,2025-05-13 19:28:02,1747164482.4157255,buy,market,83022314
104599.0,0.00238549,2025-05-13 19:28:05,1747164485.0986042,buy,limit,83022315
104598.9,9.225e-05,2025-05-13 19:28:05,1747164485.1689417,sell,limit,83022316
104599.0,8.072e-05,2025-05-13 19:28:05,1747164485.8935015,buy,limit,83022317
104599.0,0.15,2025-05-13 19:28:08,1747164488.829032,buy,market,83022318
104599.0,0.10862994,2025-05-13 19:28:11,1747164491.1299658,buy,limit,83022319
104599.0,0.0014,2025-05-13 19:28:11,1747164491.1299658,buy,limit,83022320
104612.9,0.00013956,2025-05-13 19:28:11,1747164491.129966,buy,limit,83022333
104611.0,0.28677672,2025-05-13 19:28:11,1747164491.129966,buy,limit,83022331
104610.2,0.00261343,2025-05-13 19:28:11,1747164491.129966,buy,limit,83022330
104600.9,0.00128262,2025-05-13 19:28:11,1747164491.129966,buy,limit,83022324
104600.0,0.01,2025-05-13 19:28:11,1747164491.129966,buy,limit,83022323
104600.0,0.01046,2025-05-13 19:28:11,1747164491.129966,buy,limit,83022322
104612.8,0.02396934,2025-05-13 19:28:11,1747164491.129966,buy,limit,83022332
104610.1,0.00024297,2025-05-13 19:28:11,1747164491.129966,buy,limit,83022329
104608.5,0.00955,2025-05-13 19:28:11,1747164491.129966,buy,limit,83022326
104609.0,0.0095594,2025-05-13 19:28:11,1747164491.129966,buy,limit,83022327
104610.1,5.14e-05,2025-05-13 19:28:11,1747164491.129966,buy,limit,83022328
104599.0,0.0014,2025-05-13 19:28:11,1747164491.129966,buy,limit,83022321
104604.2,0.01762436,2025-05-13 19:28:11,1747164491.129966,buy,limit,83022325
104616.8,0.00238967,2025-05-13 19:28:14,1747164494.0641634,buy,limit,83022334
104616.8,0.0144,2025-05-13 19:28:19,1747164499.0976589,buy,limit,83022335
104618.2,0.01650611,2025-05-13 19:28:20,1747164500.6555166,buy,market,83022337
104621.0,5.137e-05,2025-05-13 19:28:20,1747164500.6555166,buy,market,83022339
104618.7,0.0010956,2025-05-13 19:28:20,1747164500.6555166,buy,market,83022338
104616.8,0.00097291,2025-05-13 19:28:20,1747164500.6555166,buy,market,83022336
104623.1,0.00034928,2025-05-13 19:28:20,1747164500.6555169,buy,market,83022341
104626.0,5.343e-05,2025-05-13 19:28:20,1747164500.6555169,buy,market,83022342
104629.3,0.01761887,2025-05-13 19:28:20,1747164500.6555169,buy,market,83022343
104638.0,0.00091119,2025-05-13 19:28:20,1747164500.6555169,buy,market,83022349
104634.0,0.02396449,2025-05-13 19:28:20,1747164500.6555169,buy,market,83022345
104634.1,0.00043449,2025-05-13 19:28:20,1747164500.6555169,buy,market,83022346
104635.0,0.00029519,2025-05-13 19:28:20,1747164500.6555169,buy,market,83022347
104636.0,0.00101303,2025-05-13 19:28:20,1747164500.6555169,buy,market,83022348
104632.0,5.14e-05,2025-05-13 19:28:20,1747164500.6555169,buy,market,83022344
104622.7,0.00082604,2025-05-13 19:28:20,1747164500.6555169,buy,market,83022340
104639.3,0.00059851,2025-05-13 19:28:20,1747164500.6562324,buy,market,83022351
104638.0,0.00509881,2025-05-13 19:28:20,1747164500.6562324,buy,market,83022350
104641.9,0.01775704,2025-05-13 19:28:20,1747164500.6562324,buy,market,83022352
104643.2,5.904e-05,2025-05-13 19:28:20,1747164500.6562324,buy,market,83022354
104648.0,0.07643523,2025-05-13 19:28:20,1747164500.6562324,buy,market,83022355
104643.0,5.137e-05,2025-05-13 19:28:20,1747164500.6562324,buy,market,83022353
104647.9,0.00641666,2025-05-13 19:28:22,1747164502.3088562,sell,limit,83022356
104648.0,0.01,2025-05-13 19:28:24,1747164504.6558769,buy,market,83022357
104648.0,4.661e-05,2025-05-13 19:28:25,1747164505.6488943,buy,limit,83022358
104648.0,4.661e-05,2025-05-13 19:28:25,1747164505.6488943,buy,limit,83022358
104648.0,0.04,2025-05-13 19:28:27,1747164507.5373516,buy,market,83022359
104647.9,0.00057928,2025-05-13 19:28:28,1747164508.2994256,sell,limit,83022360
104647.9,0.00083876,2025-05-13 19:28:30,1747164510.4357715,sell,limit,83022361
104648.0,0.0151,2025-05-13 19:28:30,1747164510.602053,buy,limit,83022362
104648.0,0.00406148,2025-05-13 19:28:32,1747164512.1768415,buy,market,83022363
104647.9,1.324e-05,2025-05-13 19:28:35,1747164515.0831885,sell,limit,83022364
104648.0,6.532e-05,2025-05-13 19:28:36,1747164516.0402236,buy,limit,83022365
104648.0,0.35429136,2025-05-13 19:28:38,1747164518.7755547,buy,market,83022366
104648.0,0.01650611,2025-05-13 19:28:38,1747164518.7755547,buy,market,83022367
104648.9,0.0091827,2025-05-13 19:28:38,1747164518.7755547,buy,market,83022370
104648.2,5.542e-05,2025-05-13 19:28:38,1747164518.7755547,buy,market,83022369
104648.0,0.0025,2025-05-13 19:28:38,1747164518.7755547,buy,market,83022368
104650.0,0.00061038,2025-05-13 19:28:38,1747164518.7755547,buy,market,83022375
104650.0,0.03509903,2025-05-13 19:28:38,1747164518.7755547,buy,market,83022374
104650.0,0.01283428,2025-05-13 19:28:38,1747164518.7755547,buy,market,83022373
104650.0,0.09916067,2025-05-13 19:28:38,1747164518.7755547,buy,market,83022372
104649.9,0.03138637,2025-05-13 19:28:38,1747164518.7755547,buy,market,83022371
104650.0,0.04855146,2025-05-13 19:28:38,1747164518.775555,buy,market,83022378
104650.0,0.01097014,2025-05-13 19:28:38,1747164518.775555,buy,market,83022377
104650.0,0.03799957,2025-05-13 19:28:38,1747164518.775555,buy,market,83022376
104650.0,0.00025229,2025-05-13 19:28:38,1747164518.775555,buy,market,83022384
104650.0,0.00075908,2025-05-13 19:28:38,1747164518.775555,buy,market,83022385
104650.0,0.00044223,2025-05-13 19:28:38,1747164518.775555,buy,market,83022386
104650.0,0.0005985,2025-05-13 19:28:38,1747164518.775555,buy,market,83022387
104650.0,0.00049141,2025-05-13 19:28:38,1747164518.775555,buy,market,83022388
104650.0,0.00148652,2025-05-13 19:28:38,1747164518.775555,buy,market,83022389
104650.0,9.675e-05,2025-05-13 19:28:38,1747164518.775555,buy,market,83022390
104650.0,0.00014251,2025-05-13 19:28:38,1747164518.775555,buy,market,83022391
104650.0,0.00012218,2025-05-13 19:28:38,1747164518.775555,buy,market,83022392
104650.0,0.00012714,2025-05-13 19:28:38,1747164518.775555,buy,market,83022393
104650.0,6.415e-05,2025-05-13 19:28:38,1747164518.775555,buy,market,83022394
104650.0,5.177e-05,2025-05-13 19:28:38,1747164518.775555,buy,market,83022395
104650.0,7.006e-05,2025-05-13 19:28:38,1747164518.775555,buy,market,83022396
104650.0,7.18e-05,2025-05-13 19:28:38,1747164518.775555,buy,market,83022397
104650.0,0.00014364,2025-05-13 19:28:38,1747164518.775555,buy,market,83022398
104650.0,7.358e-05,2025-05-13 19:28:38,1747164518.775555,buy,market,83022399
104650.0,0.04800768,2025-05-13 19:28:38,1747164518.775555,buy,market,83022383
104650.0,0.04800768,2025-05-13 19:28:38,1747164518.775555,buy,market,83022382
104650.0,0.04771488,2025-05-13 19:28:38,1747164518.775555,buy,market,83022381
104650.0,0.04843523,2025-05-13 19:28:38,1747164518.775555,buy,market,83022380
104650.0,0.04846976,2025-05-13 19:28:38,1747164518.775555,buy,market,83022379
104665.0,0.08193702,2025-05-13 19:28:38,1747164518.775555,buy,market,83022408
104650.0,0.04867364,2025-05-13 19:28:38,1747164518.775555,buy,market,83022402
104650.0,0.04313369,2025-05-13 19:28:38,1747164518.775555,buy,market,83022401
104650.0,9.196e-05,2025-05-13 19:28:38,1747164518.775555,buy,market,83022400
104654.0,5.137e-05,2025-05-13 19:28:38,1747164518.775555,buy,market,83022405
104654.5,0.01775426,2025-05-13 19:28:38,1747164518.775555,buy,market,83022406
104650.0,0.04897335,2025-05-13 19:28:38,1747164518.775555,buy,market,83022403
104650.1,0.2,2025-05-13 19:28:38,1747164518.775555,buy,market,83022404
104663.4,0.00024365,2025-05-13 19:28:38,1747164518.775555,buy,market,83022407
104665.4,0.00079975,2025-05-13 19:28:38,1747164518.7755551,buy,market,83022411
104665.0,5.14e-05,2025-05-13 19:28:38,1747164518.7755551,buy,market,83022409
104666.7,0.008471,2025-05-13 19:28:38,1747164518.7755551,buy,market,83022412
104670.1,0.000814,2025-05-13 19:28:38,1747164518.7755551,buy,market,83022415
104667.0,0.01761062,2025-05-13 19:28:38,1747164518.7755551,buy,market,83022413
104669.0,0.2531,2025-05-13 19:28:38,1747164518.7755551,buy,market,83022414
104665.0,0.00024297,2025-05-13 19:28:38,1747164518.7755551,buy,market,83022410
104685.0,0.01018043,2025-05-13 19:28:38,1747164518.7755551,buy,market,83022418
104676.0,5.14e-05,2025-05-13 19:28:38,1747164518.7755551,buy,market,83022416
104682.5,0.02821348,2025-05-13 19:28:38,1747164518.7755551,buy,market,83022417
104687.0,5.137e-05,2025-05-13 19:28:38,1747164518.7755551,buy,market,83022423
104686.3,0.2531,2025-05-13 19:28:38,1747164518.7755551,buy,market,83022422
104686.2,0.09733776,2025-05-13 19:28:38,1747164518.7755551,buy,market,83022421
104685.6,0.00035757,2025-05-13 19:28:38,1747164518.7755551,buy,market,83022420
104685.0,0.03038869,2025-05-13 19:28:38,1747164518.7755551,buy,market,83022419
104689.4,0.0052,2025-05-13 19:28:38,1747164518.7755551,buy,market,83022425
104689.4,0.0024681,2025-05-13 19:28:38,1747164518.7755551,buy,market,83022424
104690.8,2.38798548,2025-05-13 19:28:38,1747164518.7755554,buy,market,83022427
104691.5,0.00424838,2025-05-13 19:28:38,1747164518.7755554,buy,market,83022428
104693.2,0.00051329,2025-05-13 19:28:38,1747164518.7755554,buy,market,83022429
104694.7,5.5e-05,2025-05-13 19:28:38,1747164518.7755554,buy,market,83022431
104694.6,0.24789,2025-05-13 19:28:38,1747164518.7755554,buy,market,83022430
104690.7,9.555e-05,2025-05-13 19:28:38,1747164518.7755554,buy,market,83022426
104694.7,0.12411914,2025-05-13 19:28:38,1747164518.7755554,buy,market,83022432
104670.6,0.00229289,2025-05-13 19:28:39,1747164519.0650206,buy,limit,83022434
104670.6,9.555e-05,2025-05-13 19:28:39,1747164519.0650206,buy,limit,83022433
104670.6,0.0955,2025-05-13 19:28:42,1747164522.3706577,buy,limit,83022435
104670.6,0.00091034,2025-05-13 19:28:44,1747164524.7775834,buy,limit,83022436
104670.6,0.00238549,2025-05-13 19:28:44,1747164524.863781,buy,limit,83022437
104670.6,0.00839834,2025-05-13 19:28:48,1747164528.7987642,buy,limit,83022440
104670.6,0.01650611,2025-05-13 19:28:48,1747164528.7987642,buy,limit,83022439
104670.6,9.555e-05,2025-05-13 19:28:48,1747164528.7987642,buy,limit,83022438
104670.5,0.00257656,2025-05-13 19:28:53,1747164533.3282375,sell,limit,83022441
104670.6,0.00019842,2025-05-13 19:28:54,1747164534.3974087,buy,market,83022442
104670.5,5.015e-05,2025-05-13 19:28:54,1747164534.777408,sell,market,83022444
104670.5,0.0001,2025-05-13 19:28:54,1747164534.777408,sell,market,83022445
104670.5,0.0001,2025-05-13 19:28:54,1747164534.777408,sell,market,83022446
104670.5,0.00014439,2025-05-13 19:28:54,1747164534.777408,sell,market,83022447
104670.5,0.00032199,2025-05-13 19:28:54,1747164534.777408,sell,market,83022443
104670.6,0.00050854,2025-05-13 19:28:57,1747164537.0574424,buy,limit,83022448
104670.6,0.07178592,2025-05-13 19:29:01,1747164541.1494672,buy,market,83022449
104670.6,0.00371431,2025-05-13 19:29:03,1747164543.9703302,buy,market,83022450
104670.6,0.00238844,2025-05-13 19:29:04,1747164544.0659032,buy,limit,83022451
104670.6,4.257e-05,2025-05-13 19:29:17,1747164557.9016054,buy,limit,83022452
104670.6,0.00046604,2025-05-13 19:29:19,1747164559.1972647,buy,limit,83022453
104670.6,0.25941314,2025-05-13 19:29:25,1747164565.7160556,buy,market,83022460
104670.6,0.01650611,2025-05-13 19:29:25,1747164565.7160556,buy,market,83022457
104670.6,0.15099,2025-05-13 19:29:25,1747164565.7160556,buy,market,83022455
104670.6,0.0015,2025-05-13 19:29:25,1747164565.7160556,buy,market,83022458
104670.6,0.0015,2025-05-13 19:29:25,1747164565.7160556,buy,market,83022459
104670.6,9.555e-05,2025-05-13 19:29:25,1747164565.7160556,buy,market,83022456
104670.6,0.00099139,2025-05-13 19:29:25,1747164565.7160556,buy,market,83022454
104670.6,0.09,2025-05-13 19:29:27,1747164567.517671,buy,limit,83022461
104670.6,0.00238844,2025-05-13 19:29:29,1747164569.0665667,buy,limit,83022462
104670.5,0.0005038,2025-05-13 19:29:31,1747164571.0532968,sell,limit,83022463
104670.5,9.62e-05,2025-05-13 19:29:31,1747164571.570183,sell,market,83022464
104670.5,0.0006,2025-05-13 19:29:31,1747164571.570183,sell,market,83022468
104670.5,0.0001,2025-05-13 19:29:31,1747164571.570183,sell,market,83022466
104670.5,0.0001,2025-05-13 19:29:31,1747164571.570183,sell,market,83022467
104670.5,0.0006,2025-05-13 19:29:31,1747164571.570183,sell,market,83022465
104670.5,0.1485038,2025-05-13 19:29:31,1747164571.570183,sell,market,83022469
104670.6,0.00925833,2025-05-13 19:29:32,1747164572.3298988,buy,limit,83022470
104670.6,0.00224523,2025-05-13 19:29:32,1747164572.4974427,buy,market,83022471
104670.6,0.00702202,2025-05-13 19:29:33,1747164573.2665014,buy,limit,83022472
104670.6,0.0477689,2025-05-13 19:29:33,1747164573.6493797,buy,market,83022473
104670.6,0.00674382,2025-05-13 19:29:36,1747164576.4905007,buy,market,83022474
104670.6,0.0005251,2025-05-13 19:29:41,1747164581.095421,buy,limit,83022475
104670.6,0.05619872,2025-05-13 19:29:44,1747164584.0096493,buy,limit,83022476
104670.5,0.00038415,2025-05-13 19:29:45,1747164585.9597213,sell,limit,83022477
104670.5,0.03167081,2025-05-13 19:29:47,1747164587.1540074,sell,limit,83022478
104670.5,0.00068289,2025-05-13 19:29:47,1747164587.85793,sell,limit,83022479
104670.6,0.00526623,2025-05-13 19:29:48,1747164588.9373605,buy,limit,83022480
104670.5,0.00018421,2025-05-13 19:29:49,1747164589.3116293,sell,market,83022481
104670.6,0.00238844,2025-05-13 19:29:54,1747164594.067467,buy,limit,83022482
104670.6,5.653e-05,2025-05-13 19:29:58,1747164598.2506888,buy,limit,83022483
104670.5,0.0001,2025-05-13 19:29:58,1747164598.6002598,sell,market,83022487
104670.5,0.00460588,2025-05-13 19:29:58,1747164598.6002598,sell,market,83022488
104670.5,0.00224134,2025-05-13 19:29:58,1747164598.6002598,sell,market,83022484
104670.5,5e-05,2025-05-13 19:29:58,1747164598.6002598,sell,market,83022485
104670.5,0.0001,2025-05-13 19:29:58,1747164598.6002598,sell,market,83022486
104612.5,0.03536627,2025-05-13 19:29:58,1747164598.60026,sell,market,83022495
104638.0,0.00601,2025-05-13 19:29:58,1747164598.60026,sell,market,83022492
104643.0,5.017e-05,2025-05-13 19:29:58,1747164598.60026,sell,market,83022491
104665.0,5.016e-05,2025-05-13 19:29:58,1747164598.60026,sell,market,83022489
104632.0,5.017e-05,2025-05-13 19:29:58,1747164598.60026,sell,market,83022493
104621.0,5.018e-05,2025-05-13 19:29:58,1747164598.60026,sell,market,83022494
104654.0,5.016e-05,2025-05-13 19:29:58,1747164598.60026,sell,market,83022490
104612.5,9.375e-05,2025-05-13 19:29:59,1747164599.0938776,sell,market,83022496
104612.6,9.506e-05,2025-05-13 19:30:09,1747164609.7881346,buy,limit,83022497
104612.6,0.002868,2025-05-13 19:30:14,1747164614.3379636,buy,market,83022498
104612.6,4.663e-05,2025-05-13 19:30:15,1747164615.210969,buy,limit,83022499
104612.5,0.0001,2025-05-13 19:30:15,1747164615.4831157,sell,market,83022500
104612.5,0.0279142,2025-05-13 19:30:15,1747164615.4831157,sell,market,83022503
104612.5,0.0001,2025-05-13 19:30:15,1747164615.4831157,sell,market,83022501
104612.5,0.0006,2025-05-13 19:30:15,1747164615.4831157,sell,market,83022502
104608.5,0.00955,2025-05-13 19:30:15,1747164615.483116,sell,market,83022506
104612.5,0.0019,2025-05-13 19:30:15,1747164615.483116,sell,market,83022504
104599.0,5.019e-05,2025-05-13 19:30:15,1747164615.483116,sell,market,83022507
104592.4,0.1987126,2025-05-13 19:30:15,1747164615.483116,sell,market,83022508
104610.0,5.018e-05,2025-05-13 19:30:15,1747164615.483116,sell,market,83022505
104591.0,0.002868,2025-05-13 19:30:17,1747164617.001072,buy,market,83022509
104591.0,0.00239026,2025-05-13 19:30:19,1747164619.0682936,buy,limit,83022510
104590.9,0.00975943,2025-05-13 19:30:23,1747164623.6330214,sell,market,83022511
104590.9,0.0097702,2025-05-13 19:30:23,1747164623.7730124,sell,market,83022512
104590.9,0.00195198,2025-05-13 19:30:24,1747164624.0428314,sell,market,83022513
104590.9,0.00195404,2025-05-13 19:30:24,1747164624.3546975,sell,market,83022514
104591.0,0.00095135,2025-05-13 19:30:27,1747164627.035382,buy,limit,83022515
104591.0,0.00239026,2025-05-13 19:30:44,1747164644.069359,buy,limit,83022516
104591.0,0.0016,2025-05-13 19:30:46,1747164646.1879196,buy,limit,83022517
104591.0,0.003,2025-05-13 19:30:46,1747164646.1879199,buy,limit,83022518
104608.5,0.00430175,2025-05-13 19:30:49,1747164649.490953,buy,market,83022519
104608.5,0.00524825,2025-05-13 19:30:52,1747164652.2071686,buy,limit,83022520
104608.5,0.00475175,2025-05-13 19:30:52,1747164652.2071686,buy,limit,83022521
104608.5,0.01,2025-05-13 19:30:52,1747164652.268827,buy,limit,83022522
104608.5,0.003,2025-05-13 19:30:54,1747164654.465718,buy,limit,83022523
104610.1,5.019e-05,2025-05-13 19:30:54,1747164654.474979,buy,limit,83022524
104621.0,5.018e-05,2025-05-13 19:30:55,1747164655.3116617,buy,limit,83022525
104631.9,5.018e-05,2025-05-13 19:30:57,1747164657.5166683,buy,limit,83022526
104670.6,0.07888487,2025-05-13 19:30:58,1747164658.5869875,buy,market,83022531
104664.9,5.016e-05,2025-05-13 19:30:58,1747164658.5869875,buy,market,83022530
104647.5,0.01650611,2025-05-13 19:30:58,1747164658.5869875,buy,market,83022528
104654.1,5.017e-05,2025-05-13 19:30:58,1747164658.5869875,buy,market,83022529
104643.0,5.017e-05,2025-05-13 19:30:58,1747164658.5869875,buy,market,83022527
104670.6,0.00084982,2025-05-13 19:31:08,1747164668.0714004,buy,limit,83022532
104670.6,0.00238844,2025-05-13 19:31:09,1747164669.0702035,buy,limit,83022533
104670.6,0.00011553,2025-05-13 19:31:20,1747164680.089231,buy,market,83022534
104670.5,0.0009721,2025-05-13 19:31:24,1747164684.0239656,sell,limit,83022535
104670.6,0.00109673,2025-05-13 19:31:26,1747164686.5904467,buy,limit,83022536
104670.5,0.0009615,2025-05-13 19:31:29,1747164689.5438216,sell,limit,83022537
104670.5,0.0047769,2025-05-13 19:31:29,1747164689.9318056,sell,market,83022538
104670.6,0.00238844,2025-05-13 19:31:34,1747164694.0713174,buy,limit,83022539
104670.6,0.00190967,2025-05-13 19:31:36,1747164696.5343711,buy,market,83022540
104670.5,0.0001961,2025-05-13 19:31:37,1747164697.449619,sell,limit,83022541
104670.6,0.00047115,2025-05-13 19:31:39,1747164699.634465,buy,limit,83022542
104670.6,9.413e-05,2025-05-13 19:31:39,1747164699.6565511,buy,limit,83022543
104670.6,0.00024219,2025-05-13 19:31:41,1747164701.1026993,buy,limit,83022544
104670.6,0.00021934,2025-05-13 19:31:41,1747164701.7675452,buy,limit,83022545
104670.6,0.00051264,2025-05-13 19:31:43,1747164703.6062667,buy,limit,83022546
104670.6,0.00286326,2025-05-13 19:31:45,1747164705.0593765,buy,market,83022547
104670.5,0.01698398,2025-05-13 19:31:51,1747164711.5551074,sell,market,83022548
104670.5,5.872e-05,2025-05-13 19:31:51,1747164711.5551074,sell,market,83022549
104670.5,0.00256954,2025-05-13 19:31:51,1747164711.5551076,sell,market,83022550
104670.6,0.0955,2025-05-13 19:31:57,1747164717.4977179,buy,limit,83022551
104670.6,0.00238844,2025-05-13 19:31:59,1747164719.0721045,buy,limit,83022552
104670.6,8.734e-05,2025-05-13 19:32:00,1747164720.4122586,buy,limit,83022553
104670.6,0.00012493,2025-05-13 19:32:03,1747164723.9718716,buy,market,83022554
104670.6,0.00094126,2025-05-13 19:32:04,1747164724.493613,buy,limit,83022555
104670.6,0.00025055,2025-05-13 19:32:07,1747164727.910483,buy,limit,83022556
104670.6,0.0955,2025-05-13 19:32:09,1747164729.2901745,buy,limit,83022557
104670.6,0.0300094,2025-05-13 19:32:15,1747164735.0022063,buy,limit,83022558
104670.6,0.00820572,2025-05-13 19:32:15,1747164735.0022063,buy,limit,83022559
104670.6,0.00186331,2025-05-13 19:32:16,1747164736.8941653,buy,limit,83022560
104670.5,0.000294,2025-05-13 19:32:19,1747164739.0516024,sell,limit,83022561
104670.5,0.0029703,2025-05-13 19:32:22,1747164742.0395656,sell,limit,83022562
104670.6,0.00039132,2025-05-13 19:32:23,1747164743.9783947,buy,market,83022563
104670.6,0.00238844,2025-05-13 19:32:24,1747164744.073079,buy,limit,83022564
104670.6,0.01650611,2025-05-13 19:32:25,1747164745.112105,buy,market,83022570
104671.0,0.1279599,2025-05-13 19:32:25,1747164745.112105,buy,market,83022571
104670.6,0.003,2025-05-13 19:32:25,1747164745.112105,buy,market,83022568
104670.6,9.553e-05,2025-05-13 19:32:25,1747164745.112105,buy,market,83022569
104670.6,0.19107562,2025-05-13 19:32:25,1747164745.112105,buy,market,83022567
104670.6,0.00507823,2025-05-13 19:32:25,1747164745.112105,buy,market,83022566
104670.6,0.00022024,2025-05-13 19:32:25,1747164745.112105,buy,market,83022565
104671.0,0.00477687,2025-05-13 19:32:26,1747164746.1388128,buy,market,83022572
104671.0,0.01362739,2025-05-13 19:32:41,1747164761.1566465,buy,market,83022573
104671.0,0.0128,2025-05-13 19:32:41,1747164761.5442352,buy,limit,83022574
104671.0,0.0128,2025-05-13 19:32:42,1747164762.442615,buy,limit,83022575
104671.0,0.00142593,2025-05-13 19:32:49,1747164769.0372307,buy,limit,83022576
104671.0,0.00238843,2025-05-13 19:32:49,1747164769.0739346,buy,limit,83022577
104671.0,0.0128,2025-05-13 19:32:54,1747164774.034846,buy,limit,83022578
104670.9,0.01672334,2025-05-13 19:32:56,1747164776.3508818,sell,limit,83022580
104670.9,0.72226308,2025-05-13 19:32:56,1747164776.3508818,sell,limit,83022581
104670.9,0.1,2025-05-13 19:32:56,1747164776.3508818,sell,limit,83022579
104671.0,0.01353297,2025-05-13 19:32:57,1747164777.5006006,buy,limit,83022583
104671.0,0.07466703,2025-05-13 19:32:57,1747164777.5006006,buy,limit,83022582
104671.0,0.003,2025-05-13 19:32:59,1747164779.4885485,buy,limit,83022584
104671.0,9.553e-05,2025-05-13 19:32:59,1747164779.4885485,buy,limit,83022586
104671.0,0.08210447,2025-05-13 19:32:59,1747164779.4885485,buy,limit,83022587
104671.0,0.003,2025-05-13 19:32:59,1747164779.4885485,buy,limit,83022585
104671.0,0.01650611,2025-05-13 19:33:00,1747164780.3676186,buy,limit,83022588
104671.0,9.553e-05,2025-05-13 19:33:00,1747164780.3676188,buy,limit,83022589
104674.9,0.00048896,2025-05-13 19:33:01,1747164781.0972705,sell,limit,83022590
104675.0,0.00210174,2025-05-13 19:33:14,1747164794.0749116,buy,limit,83022592
104675.0,0.0002866,2025-05-13 19:33:14,1747164794.0749116,buy,limit,83022591
104675.0,0.01344711,2025-05-13 19:33:16,1747164796.4867256,buy,market,83022594
104675.0,0.00089826,2025-05-13 19:33:16,1747164796.4867256,buy,market,83022593
104675.0,0.00238834,2025-05-13 19:33:26,1747164806.112034,buy,market,83022595
104675.0,0.00011166,2025-05-13 19:33:31,1747164811.2031384,buy,market,83022596
104675.0,0.00070245,2025-05-13 19:33:31,1747164811.2031384,buy,market,83022597
104674.9,0.00979366,2025-05-13 19:33:33,1747164813.2971025,sell,limit,83022598
104674.9,0.00190967,2025-05-13 19:33:36,1747164816.6551406,sell,market,83022599
104696.9,9.553e-05,2025-05-13 19:33:37,1747164817.547292,buy,limit,83022608
104697.0,0.5,2025-05-13 19:33:37,1747164817.547292,buy,limit,83022609
104679.1,0.02184,2025-05-13 19:33:37,1747164817.547292,buy,limit,83022604
104675.0,0.00028709,2025-05-13 19:33:37,1747164817.547292,buy,limit,83022601
104675.0,0.01580366,2025-05-13 19:33:37,1747164817.547292,buy,limit,83022600
104676.0,5.016e-05,2025-05-13 19:33:37,1747164817.547292,buy,limit,83022603
104675.0,0.0022,2025-05-13 19:33:37,1747164817.547292,buy,limit,83022602
104687.1,5.015e-05,2025-05-13 19:33:37,1747164817.547292,buy,limit,83022607
104680.9,0.00488793,2025-05-13 19:33:37,1747164817.547292,buy,limit,83022606
104680.9,0.01733034,2025-05-13 19:33:37,1747164817.547292,buy,limit,83022605
104699.3,0.00012194,2025-05-13 19:33:37,1747164817.547292,buy,limit,83022614
104697.1,0.00098793,2025-05-13 19:33:37,1747164817.547292,buy,limit,83022610
104697.9,0.00096038,2025-05-13 19:33:37,1747164817.547292,buy,limit,83022611
104698.9,0.00917831,2025-05-13 19:33:37,1747164817.547292,buy,limit,83022613
104698.1,5.137e-05,2025-05-13 19:33:37,1747164817.547292,buy,limit,83022612
104717.0,0.2531,2025-05-13 19:33:37,1747164817.5472922,buy,limit,83022626
104720.0,0.0067,2025-05-13 19:33:37,1747164817.5472922,buy,limit,83022630
104709.5,0.00955,2025-05-13 19:33:37,1747164817.5472922,buy,limit,83022621
104709.0,5.14e-05,2025-05-13 19:33:37,1747164817.5472922,buy,limit,83022620
104700.0,0.01683966,2025-05-13 19:33:37,1747164817.5472922,buy,limit,83022617
104700.0,0.00048633,2025-05-13 19:33:37,1747164817.5472922,buy,limit,83022616
104706.7,7.705e-05,2025-05-13 19:33:37,1747164817.5472922,buy,limit,83022619
104701.2,6.543e-05,2025-05-13 19:33:37,1747164817.5472922,buy,limit,83022618
104700.0,0.3,2025-05-13 19:33:37,1747164817.5472922,buy,limit,83022615
104713.0,0.0239464,2025-05-13 19:33:37,1747164817.5472922,buy,limit,83022622
104713.1,0.02344859,2025-05-13 19:33:37,1747164817.5472922,buy,limit,83022623
104720.0,0.001,2025-05-13 19:33:37,1747164817.5472922,buy,limit,83022633
104720.0,0.00098614,2025-05-13 19:33:37,1747164817.5472922,buy,limit,83022632
104717.0,0.04587347,2025-05-13 19:33:37,1747164817.5472922,buy,limit,83022625
104720.0,5.142e-05,2025-05-13 19:33:37,1747164817.5472922,buy,limit,83022627
104713.2,0.1,2025-05-13 19:33:37,1747164817.5472922,buy,limit,83022624
104720.0,0.05279992,2025-05-13 19:33:37,1747164817.5472922,buy,limit,83022631
104720.0,0.00024297,2025-05-13 19:33:37,1747164817.5472922,buy,limit,83022628
104720.0,0.00068534,2025-05-13 19:33:37,1747164817.5472922,buy,limit,83022629
104727.7,0.01910675,2025-05-13 19:33:37,1747164817.5472925,buy,limit,83022639
104723.6,0.135,2025-05-13 19:33:37,1747164817.5472925,buy,limit,83022638
104720.0,0.0435926,2025-05-13 19:33:37,1747164817.5472925,buy,limit,83022634
104734.5,0.82283251,2025-05-13 19:33:37,1747164817.5472925,buy,limit,83022644
104734.3,2.38699354,2025-05-13 19:33:37,1747164817.5472925,buy,limit,83022643
104732.0,2.38704593,2025-05-13 19:33:37,1747164817.5472925,buy,limit,83022641
104733.2,0.09733776,2025-05-13 19:33:37,1747164817.5472925,buy,limit,83022642
104728.3,0.2531,2025-05-13 19:33:37,1747164817.5472925,buy,limit,83022640
104720.0,0.32926474,2025-05-13 19:33:37,1747164817.5472925,buy,limit,83022635
104720.0,0.11497126,2025-05-13 19:33:37,1747164817.5472925,buy,limit,83022636
104723.2,0.001006,2025-05-13 19:33:37,1747164817.5472925,buy,limit,83022637
104723.5,0.00739745,2025-05-13 19:33:37,1747164817.6926758,sell,limit,83022646
104723.5,0.01170046,2025-05-13 19:33:37,1747164817.6926758,sell,limit,83022645
104723.6,0.01327504,2025-05-13 19:33:37,1747164817.7671812,buy,market,83022647
104723.6,0.00238723,2025-05-13 19:33:39,1747164819.075749,buy,limit,83022648
104723.6,0.09316045,2025-05-13 19:33:46,1747164826.9563162,buy,limit,83022649
104723.5,0.00015411,2025-05-13 19:33:53,1747164833.6573405,sell,limit,83022650
104723.5,0.05872607,2025-05-13 19:34:01,1747164841.187972,sell,limit,83022651
104723.5,0.00064,2025-05-13 19:34:02,1747164842.4144542,sell,limit,83022652
